2574 3934
392 187 441 237 Dc*
462 187 638 238 SECTIONE
658 188 838 240 CYLINDRI.
1079 186 1122 250 33

89 352 210 414 neque
242 353 301 415 per
331 352 423 394 axem
457 330 590 395 ductum
623 335 672 394 est
703 352 808 414 neque
841 330 895 394 axi
921 332 1124 419 parallelum,

92 441 184 501 AM
198 436 235 500 in
254 436 418 501 infinitum
436 438 595 520 producta
614 458 707 501 axem
725 436 862 521 secabit3
882 438 1006 502 secabit
1019 439 1122 524 igitur

578 543 676 608 etiam
720 548 792 608 ΘΝ
828 543 880 608 axi
921 545 1121 632 parallelam3

574 654 712 734 utraque
745 650 831 714 enim
862 649 897 712 in
927 649 1025 733 plano
1055 654 1124 715 ΘΚ

573 755 682 840 posita
701 761 759 820 est.
797 760 884 823 secet
901 755 1004 841 igitur
1022 757 1057 820 in
1075 762 1120 841 N,

490 933 504 950 ,
575 866 608 925 et
637 866 708 926 ΘΝ
732 863 767 926 in
793 867 965 947 utramque
992 867 1120 946 partem

573 969 779 1051 producatur.
844 969 872 1033 si
915 969 1018 1055 igitur
1059 993 1118 1036 axe

574 1073 766 1158 circulisque
805 1077 1011 1142 manentibus
1049 1082 1124 1142 ΘΝ

574 1179 770 1246 circumacta
817 1206 882 1248 una
931 1207 1005 1249 cum
1050 1185 1119 1249 dia-

573 1287 686 1352 metris
701 1289 896 1374 restituitur,
913 1292 1117 1375 superficiem

573 1393 710 1479 cylindri
742 1397 783 1461 ab
813 1396 908 1461 initio
941 1398 1043 1481 positi
1070 1421 1119 1464 se·

521 1507 523 1514 ’
573 1502 713 1566 cundum
741 1502 947 1566 altitudinem
975 1505 1118 1589 augebit,

573 1612 606 1671 et
628 1609 787 1692 producto
810 1608 908 1692 plano
930 1613 995 1674 ΖΕ
1016 1611 1117 1676 etiam

573 1714 673 1779 sectio
697 1714 871 1801 augebitur
894 1716 934 1779 ad
957 1720 1005 1794 N;
1030 1716 1116 1782 idem

573 1825 681 1885 autem
705 1822 804 1886 etiam
832 1823 872 1886 ad
894 1826 1004 1906 partes
1029 1825 1067 1906 F,
1085 1827 1117 1887 A

570 1949 684 1992 uersus
699 1928 840 2012 eueniet3
854 1928 964 2012 itaque
976 1933 1016 1993 Ν
1016 1932 1055 1992 Η
1056 1934 1121 1993 ΕΡ

571 2034 672 2098 sectio
701 2039 751 2099 est
774 2034 925 2121 cylindri,
956 2035 1062 2119 qualis
1081 2035 1116 2100 in

571 2141 795 2224 propositione
813 2142 1026 2226 praecedenti.
1057 2142 1113 2207 ita-

101 2268 163 2330 que
192 2245 293 2312 sectio
317 2250 462 2310 ΝΗΕΡ
489 2267 593 2330 neque
625 2247 764 2312 circulus
792 2253 842 2312 est
874 2271 977 2332 neque
1009 2250 1116 2335 figura

101 2352 269 2418 rectilinea
291 2353 396 2437 [prop.
415 2351 489 2438 IX];
513 2374 591 2440 ergo
611 2354 712 2418 sectio
733 2356 867 2419 ΓΕΗΖ
886 2376 990 2437 neque
1008 2355 1114 2440 figura

100 2459 267 2524 rectilinea
286 2463 336 2524 eat
358 2481 461 2542 neque
485 2459 624 2524 circulus
647 2481 751 2543 neque
771 2464 974 2546 segmentum
994 2461 1116 2549 circuli,

102 2566 157 2631 sed
180 2565 255 2630 talis
279 2565 381 2631 sectio
406 2566 574 2650 cylindri
597 2570 648 2631 est
670 2566 801 2631 sectio.

167 2863 203 2931 Si
225 2867 387 2951 cylindrus
410 2869 508 2954 plano
531 2891 589 2954 per
612 2892 705 2934 axem
729 2875 864 2954 secatur,
886 2870 922 2934 in
945 2872 1114 2956 superficie

103 2977 209 3038 autem
246 2974 383 3058 cylindri
414 2980 573 3060 punctum
605 2976 736 3060 aliquod
769 2977 923 3061 sumitur,
959 2980 1045 3063 quod
1077 2979 1111 3042 in

101 3082 199 3145 latere
222 3081 519 3166 parallelogrammi
541 3105 599 3166 per
623 3105 716 3147 axem
738 3082 840 3167 positi
857 3103 923 3146 non
943 3083 994 3167 sit,
1018 3090 1051 3149 ct
1070 3086 1110 3149 ab

101 3209 137 3253 eo
160 3191 248 3252 recta
271 3187 380 3270 aliqua
403 3188 532 3253 ducitur
554 3189 709 3274 parallela
732 3193 840 3254 rectae
864 3189 1001 3274 cuidam,
1025 3212 1108 3273 quae

102 3295 136 3358 in
158 3295 269 3358 eodem
292 3293 391 3379 plano
414 3295 537 3381 posita,
563 3296 686 3380 inquo
710 3299 760 3359 est
782 3295 871 3360 basia
895 3295 1046 3379 cylindri,
1069 3297 1111 3361 ad

102 3400 204 3465 basim
222 3400 517 3486 parallelogrammi
535 3424 593 3486 per
612 3424 704 3466 axem
722 3401 822 3485 positi
835 3400 1110 3484 perpendicularis

171 3538 230 3609 Fig.
250 3538 281 3593 in
298 3540 370 3609 va
389 3540 463 3595 male
483 3539 653 3609 descriptam
671 3556 738 3594 corr.
759 3539 863 3593 Comm.

155 3637 276 3680 Serenus
290 3639 495 3694 Antinoanrlr,
509 3641 543 3681 ed.
558 3639 665 3689 Helberg.
932 3631 947 3678 3
