2504 3928
377 198 427 248 nu
448 197 625 249 sucnouu
645 197 739 252 coru.
998 196 1063 260 207

485 339 633 405 XXXVX.

134 444 163 510 si
187 448 220 512 in
246 470 327 514 cono
351 448 480 514 scaleno
503 471 561 533 per
583 448 740 513 uerticem
762 447 868 531 planis
893 448 1066 532 compluri-

11 639 12 642 ,
76 553 126 618 bus
150 560 231 620 secto
262 555 298 620 in
325 556 460 620 basibus
488 555 651 640 parallelis
683 553 840 639 trianguli
872 555 1065 638 aequicrurii

74 660 189 726 adeam
210 666 337 747 partem
361 684 474 726 uersus
498 664 741 746 construuntur,
765 684 784 726 a
804 682 869 745 qua
887 660 956 724 axis
975 662 1066 726 recli-

70 772 152 833 natus
181 771 242 854 est,
274 769 458 856 triangulus
489 769 710 852 aequicrurius
741 790 799 852 per
828 790 921 832 axem
949 768 1064 832 ductus

70 872 205 940 minimus
237 897 303 940 non
334 875 396 940 erit
424 875 569 939 omnium
598 876 874 960 aequicruriorum
902 880 1065 940 construc-

10 997 12 1028 1
68 981 169 1046 torum.

125 1089 165 1153 sit
192 1111 292 1154 conus
317 1089 478 1175 scalenus,
506 1089 597 1154 cuius
621 1090 689 1154 axis
714 1089 758 1154 sit
781 1097 813 1156 A
819 1094 861 1174 B,
885 1083 1063 1154 communis

68 1197 163 1260 autem
186 1196 288 1260 sectio
311 1195 400 1280 plani
423 1218 481 1281 per
504 1217 596 1260 axem
620 1196 660 1259 ad
684 1196 840 1261 circulum
857 1195 1065 1282 perpendicu-

66 1297 134 1365 laris
166 1301 340 1386 circulique
373 1302 549 1367 diametrus
579 1305 690 1387 ΓΒΔ,
726 1308 760 1367 et
791 1308 931 1379 [ΑΒΔ
958 1301 1065 1367 minor

561 1409 605 1474 sit
636 1413 733 1474 recto.
794 1409 882 1494 dioc,
917 1410 1062 1495 triangu-

425 1553 435 1581 κ
560 1515 629 1580 lum
644 1516 883 1600 aequicrurium
898 1538 956 1600 per
970 1538 1063 1580 axem

561 1623 692 1687 ductum
712 1622 884 1687 minimum
906 1644 1062 1688 nonense

561 1729 705 1794 omnium
714 1727 1062 1813 aequicruriorumqui

561 1841 791 1902 construantur
837 1836 932 1900 bases
977 1835 1063 1899 inter

559 1948 681 2029 puncta
705 1946 744 2028 Γ,
763 1947 792 2007 B
815 1943 982 2007 habentea.

627 2052 763 2116 ducatur
795 2049 881 2114 enim
913 2056 946 2114 A
952 2052 992 2134 Γ,
1029 2053 1062 2113 et

559 2157 594 2220 in
619 2158 784 2244 triangulo
811 2160 912 2222 ΑΒΓ
934 2157 974 2220 ad
998 2159 1063 2220 ΓΛ

559 2264 833 2349 perpendicularis
844 2265 1061 2328 ducaturBE.

560 2375 593 2436 et
645 2371 798 2454 quoniam
852 2373 916 2434 ΓΕ
931 2381 964 2442 >
987 2372 1061 2451 ΓΒ,

560 2500 641 2562 quac
675 2499 692 2542 e
730 2483 841 2542 centro
879 2477 975 2540 ducta
1012 2479 1062 2539 est

559 2583 666 2668 [Eucl.
683 2582 708 2667 I,
728 2583 798 2668 19],
822 2583 865 2647 sit
884 2587 948 2646 ΕΖ
970 2582 1061 2646 radio

561 2691 714 2776 aequalis,
737 2696 770 2756 et
789 2695 895 2756 rectae
909 2693 973 2753 ΕΒ
991 2711 1062 2774 par-

227 2837 238 2850 ,
561 2798 656 2863 allela
665 2802 736 2884 ΖΗ,
747 2799 944 2881 duceturque
954 2801 1066 2862 AMH

60 2906 89 2964 et
109 2908 214 2968 rectae
235 2907 300 2968 ΖΕ
319 2903 476 2988 parallela
498 2909 537 2969 H
540 2909 582 2990 (l3
604 2905 944 2991 parallelogrammum
961 2905 1063 2990 igitur

62 3014 106 3074 est
117 3014 187 3074 ΖΘ.
212 3033 309 3094 quare
326 3015 439 3075 ZE=
450 3015 522 3075 ΗΘ
535 3011 758 3098 [Eucl.l,34]3
777 3015 847 3075 ΗΘ
860 3011 963 3096 igitur
972 3010 1062 3074 radio

61 3117 195 3201 aequalis
220 3121 277 3181 est.
314 3117 380 3182 iam
403 3140 515 3182 rursus
538 3118 573 3181 in
595 3119 692 3203 plano
717 3118 828 3182 circuli
852 3119 892 3182 ad
911 3120 976 3181 ΓΔ
994 3138 1063 3200 per·

61 3223 275 3304 pendiculares
313 3225 471 3289 ducantur
507 3227 585 3305 KB,
622 3227 710 3307 HA,
752 3223 950 3307 duceturque
987 3225 1062 3287 BA.

62 3331 206 3412 quoniam
228 3331 331 3417 igitur
354 3332 417 3396 duo
441 3330 597 3417 trianguli
621 3329 802 3416 rectanguli
823 3333 939 3415 ΘΗΒ,
958 3332 1067 3392 ΑΒΗ

61 3438 201 3522 aequales
228 3438 350 3502 habent
377 3438 515 3523 angulos
545 3442 666 3521 rectos,
697 3437 817 3502 circum
845 3435 925 3500 alios
955 3439 1063 3500 autem

60 3541 155 3610 latera
181 3544 452 3630 proportionalia,
479 3549 512 3609 et
540 3550 661 3632 cetera,
688 3567 769 3628 quae
797 3544 897 3609 habet
920 3541 1062 3627 protasis
