2488 3938
161 143 225 208 102
429 146 515 195 ΠΕΡΙ
532 141 746 197 Κυοωοοου
764 145 901 196 υοΜιυι.

158 289 259 354 πάλιν
291 285 343 353 ἐπὶ
375 286 500 373 θάτερα
529 285 610 373 μέρη
643 288 680 351 αἱ
710 285 793 371 άφαὶ
825 288 907 351 κατά
936 288 973 352 τὸ
1002 291 1031 350 Ρ
1052 284 1103 351 καὶ
1128 291 1168 350 Σ
1232 224 1233 296 δ

159 398 309 478 γίνονται
341 397 399 458 καί
426 396 511 459 εἰσιν
538 391 590 458 ἐπὶ
619 403 696 478 μιᾶς
725 393 859 469 εὐθείας
887 395 1095 479 παραλλήλου
1122 401 1165 476 τῇ
1233 440 1234 488 ,

159 507 235 567 EA.
271 510 373 566 πᾶσαι
396 502 461 587 άρα
478 501 516 565 αλ
532 499 754 584 ἐφαπτόμεναι
771 497 851 564 καθ’
873 498 947 576 ἑνὸς
964 504 1166 585 παραλληλο-

159 608 311 694 γράμμου
341 591 493 693 πλευρῶν
522 606 580 683 τάς
613 605 700 690 ἁφὰς
731 600 919 671 ποιοῦνται·
952 605 970 671 δ
1000 605 1165 692 προέκειτο
1234 656 1235 724 ,

125 713 270 793 οδεῑξαι.
933 717 935 720 ’
1234 727 1235 732 ’

645 834 686 900 λ’·
1073 843 1074 850 ‘
1235 872 1236 934 ι

230 964 357 1029 Τούτου
398 960 588 1046 δειχθέντος
628 963 710 1025 ἔστω
749 964 1090 1048 παραλληλόγραμμον
1124 963 1168 1026 τὸ

159 1071 313 1152 ΑΒΓΔ,
340 1066 395 1132 καὶ
422 1069 511 1150 παρά
533 1070 594 1151 τήν
617 1071 683 1131 ΑΒ
706 1067 809 1132 αὐτοῦ
832 1068 931 1151 βάσιν
953 1070 1109 1153 ήχθωσαν
1130 1069 1171 1132 αι’
1236 1086 1237 1154 χ

158 1179 232 1257 ΕΖ,
255 1179 336 1257 ΗΘ,
358 1172 414 1238 καὶ
436 1176 587 1259 εἰλήφθω
610 1197 642 1238 τι
666 1186 801 1258 σημεῖον
823 1176 861 1239 τὸ
880 1178 915 1239 K
934 1176 978 1259 μή
1002 1175 1042 1239 ὃν
1065 1175 1168 1262 ἐντῷ
1236 1163 1237 1168 ¹

108 1294 141 1342 10
159 1289 219 1345 τοῦ
241 1281 584 1366 παραλληλογράμμου
608 1279 765 1368 ἐπιπέδῳ,
792 1279 847 1345 καὶ
873 1281 1111 1365 ἐπιζευχθεῖσαι
1133 1283 1171 1346 αἱ
1237 1302 1238 1370 χ

159 1389 235 1470 ΚΕ,
258 1390 333 1470 ΚΖ,
356 1391 437 1471 ΚΗ,
461 1390 529 1452 ΚΘ
551 1386 762 1470 ἐμβληθεῖσαι
785 1386 1079 1470 προσπιπτέτωσαν
1101 1387 1168 1452 έπι-
1237 1393 1238 1398 ’

158 1491 247 1581 πέδω
269 1492 337 1558 τινὶ
359 1497 556 1581 παραλλήλῳ
581 1496 652 1559 ὄντι
675 1503 720 1581 τῷ
744 1497 883 1559 ΑΒΓΔ
900 1495 1041 1560 κατὰτὰ
1061 1499 1101 1577 Λ,
1120 1499 1168 1576 Μ,
1238 1518 1239 1612 η

158 1605 206 1683 N,
230 1600 260 1674 Ξ
285 1613 409 1685 σημεῖα.
453 1602 491 1665 τὸ
518 1600 560 1683 δή
588 1601 644 1664 διά
670 1612 737 1665 τῶν
760 1603 842 1684 ΚΛ,
866 1605 929 1668 ΕΖ
952 1592 1168 1666 εὐθειῶνέιι-

158 1710 362 1791 βαλλόμενον
389 1707 545 1772 ἐπίπεδον
572 1718 662 1791 τεμεῖ
687 1705 742 1771 καὶ
769 1708 806 1771 τὸ
835 1711 953 1771 ΛΜΝ
955 1707 986 1780 Ξ
1013 1707 1168 1773 ἐπίπεδον

108 1825 139 1875 15
158 1812 213 1878 καὶ
239 1815 369 1897 ποιήσει
397 1814 433 1879 ἐν
461 1814 550 1899 αὐτῷ
577 1815 694 1897 κοινήν
721 1815 826 1898 τομήν
850 1814 911 1896 τήν
935 1818 1015 1878 AM
1033 1814 1168 1879 εὐθεῖαν

158 1920 370 2006 παράλληλον
393 1915 498 1986 οὖσαν
521 1928 560 2005 πή
581 1924 658 1984 ΕΖ·
682 1920 802 2004 ὁμοίως
825 1917 862 1984 δὲ
884 1918 939 1986 καὶ
961 1921 998 1986 τὸ
1023 1921 1080 1986 διὰ
1103 1932 1169 1984 τῶν

158 2030 244 2107 ΚΝ,
266 2030 338 2090 ΗΘ
365 2027 507 2091 εὐθειῶν
535 2026 691 2091 ἐπίπεδον
717 2029 846 2110 ποιήσει
868 2026 1081 2110 παράλληλον
1109 2029 1169 2110 τήν

159 2136 197 2195 Ν
200 2131 230 2204 Ξ
253 2142 293 2218 τῇ
316 2137 356 2196 Η
359 2137 395 2197 Θ.
446 2131 515 2198 ἐπεὶ
543 2129 604 2199 οὖν
630 2135 668 2198 τὸ
692 2136 803 2197 ΛΚΝ
826 2136 991 2219 τρίγωνον
1016 2131 1168 2218 τέμνεται

157 2238 222 2303 ὑπὸ
241 2241 461 2325 παραλλήλων
476 2239 639 2305 ἐπιπέδων
652 2251 719 2304 τῶν
733 2242 867 2323 ΑΒΓΔ,
883 2244 913 2304 Λ
918 2245 957 2304 Ν
959 2238 1040 2324 ΞΜ,
1055 2242 1094 2304 αλ
1104 2242 1168 2326 άρα

106 2357 139 2407 20
156 2344 265 2410 κοιναὶ
289 2347 399 2412 αὐτῶν
421 2344 518 2431 τομαὶ
540 2346 747 2432 παράλληλοί
767 2348 851 2411 εἰσιν
874 2345 1047 2430 ἀλλήλαις,
1073 2370 1167 2413 τουτ-

157 2451 247 2517 έστιν
273 2453 293 2536 ή
321 2458 392 2518 ΝΛ
414 2462 454 2539 τῇ
476 2458 558 2518 ΗΕ·
591 2453 648 2517 διά
670 2454 710 2517 τά
733 2453 817 2517 αὐτά
844 2449 881 2517 δὲ
907 2451 963 2517 καὶ
989 2451 1009 2534 ἡ
1034 2453 1113 2526 ΞΜ
1129 2463 1167 2539 τῇ

159 2563 221 2623 ΘΖ
243 2560 459 2645 παράλληλος.
500 2560 545 2636 ὡς
567 2561 631 2645 άρα
654 2559 674 2641 ή
693 2563 762 2624 ΕΚ
776 2561 859 2645 πρὸς
881 2561 943 2642 τήν
961 2563 1038 2642 ΚΛ,
1063 2561 1168 2636 οὕτως

156 2664 176 2746 ή
199 2668 275 2729 ΗΚ
298 2667 380 2751 πρὸς
402 2667 462 2749 τήν
485 2669 564 2730 ΚΝ.
606 2664 679 2731 ἀλλ’
705 2667 749 2742 ὡς
775 2663 836 2751 μὲν
863 2666 883 2749 ή
906 2669 982 2730 ΗΚ
1001 2667 1085 2751 πρὸς
1107 2669 1169 2750 τήν

157 2773 242 2853 ΚΝ,
266 2771 371 2846 οὕτως
392 2770 412 2854 ἡ
436 2775 508 2836 ΗΘ
529 2774 611 2858 πρὸς
633 2773 694 2855 τήν
717 2772 798 2856 ΝΞ,
827 2773 871 2848 ὡς
894 2769 931 2836 δὲ
953 2773 973 2856 ή
996 2776 1066 2837 ΕΚ
1086 2775 1168 2859 πρὸς

105 2889 138 2936 25
158 2879 236 2960 KA,
260 2876 364 2953 οὕτως
386 2877 406 2960 ή
430 2883 493 2944 ΕΖ
516 2880 598 2964 πρὸς
621 2882 708 2944 ΛΜ·
731 2877 786 2943 καὶ
809 2879 854 2954 ὡς
876 2880 941 2964 άρα
965 2877 1067 2960 ἡΕΖ
1085 2881 1169 2964 πρὸς

157 2985 219 3067 τήν
242 2988 331 3068 ΛΜ,
360 2984 465 3061 οὕτως
486 2984 507 3067 ή
531 2989 602 3049 ΗΘ
624 2987 707 3071 πρὸς
729 2987 789 3069 τήν
813 2990 851 3049 Ν
852 2984 887 3059 Ξ.
933 2982 988 3049 καὶ
1015 2983 1167 3064 ἐναλλάξ·

227 3218 251 3265 4.
271 3209 286 3266 δ
305 3209 450 3280 προέκειτο
469 3212 571 3284 δεῖξαι]
591 3229 643 3266 om.
663 3230 689 3281 p.
768 3217 792 3266 6.
811 3212 853 3283 λ’]
873 3228 925 3265 om.
945 3212 977 3266 V.
1052 3217 1075 3266 λ.
1095 3231 1166 3280 παρ-

157 3282 397 3356 αλληλόγραμμον]
416 3299 490 3353 vcp,
519 3303 566 3338 -ον
585 3299 664 3338 ευειι.
684 3282 717 3337 V.
807 3287 831 3337 8.
858 3284 945 3338 αὐτοῦ
963 3280 1059 3355 βάσιν]
1082 3282 1165 3354 βάσιν

156 3355 243 3410 αὐτοῦ
261 3373 288 3424 p.
362 3361 403 3410 10.
422 3356 484 3426 τοῦ]
504 3371 557 3409 om.
577 3372 599 3410 ο.
680 3361 721 3409 12.
741 3355 917 3427 παραλλήλω]
936 3371 1010 3425 vop,
1034 3376 1077 3423 -ρ-
1096 3371 1164 3410 corr.

157 3441 190 3478 ex
208 3430 223 3480 λ
240 3445 276 3481 m.
292 3433 306 3481 1
322 3427 354 3483 V.
411 3432 451 3481 13.
472 3429 582 3499 σημεῖα]
600 3425 631 3480 in
648 3427 702 3481 hoc
720 3427 859 3481 uocabulo
876 3411 933 3482 δεε,
947 3446 974 3497 p.
1031 3432 1071 3482 14.
1091 3435 1167 3496 τεμεῖ

156 3527 189 3536 -
210 3497 356 3571 ἐπίπεδον]
377 3516 429 3553 om.
450 3515 472 3554 ο.
545 3501 688 3572 ΛΜΝΞ]
707 3498 771 3554 fort.
790 3501 924 3559 ΛΜΞΝ.
