2488 3938
158 137 201 200 58
428 138 516 188 ΠΕΡΙ
532 135 748 188 ΚΤΔΙΝΔΡΟΤ
766 135 902 188 ΤΟΜΗΣ.

158 283 194 346 τὸ
224 280 287 345 ἀπὸ
315 289 373 363 τῆς
400 284 465 345 ΒΕ
485 281 568 366 πρὸς
594 280 631 344 τὸ
659 279 724 344 ὑπὸ
749 289 817 344 τῶν
839 283 957 343 ΑΕΔ·
988 277 1124 362 ὁμοίως
1147 273 1182 341 δὲ

157 385 273 451 καὶτὸ
297 385 360 451 ἀπὸ
384 396 442 470 τῆς
466 389 527 451 ΓΖ
549 387 632 471 πρὸς
654 387 691 451 τὸ
715 384 780 450 ὑπὸ
804 389 916 449 ΑΖΔ.
954 383 1008 449 καὶ
1033 381 1182 462 ἐναλλὰξ

158 495 232 579 ἀρα,
256 493 300 569 ὡς
322 493 359 557 τὸ
382 492 447 557 ἀπὸ
469 483 528 576 τῆς
550 497 616 557 ΒΕ
636 493 719 578 πρὸς
741 493 778 556 τὸ
802 490 866 556 ἀπὸ
889 499 946 576 τῆς
969 496 1044 575 ΓΖ,
1072 491 1182 567 οὕτως

158 601 195 664 τὸ
213 599 278 665 ὑπὸ
297 610 365 664 τῶν
381 604 485 664 ΑΕΔ
503 601 586 684 πρὸς
603 601 640 664 τὸ
658 599 724 664 ὑπὸ
744 610 811 664 τῶν
825 604 941 664 ΑΖΔ·
966 596 1181 685 δπροέκειτο

123 705 270 784 ὀδείξαι.

224 811 292 878 Καὶ
323 821 426 877 ταῦτα
459 811 621 878 δέδεικται
651 810 704 877 ἐπὶ
735 821 793 896 τῆς
825 812 999 890 ἐλλείψεως
1033 813 1075 878 ἐν
1110 823 1179 888 τοῖς

157 923 323 995 Κωνικοῖς
345 922 535 1006 θεωρήματι
558 918 600 1006 κ’,

582 1044 741 1052 -ι-

212 1113 308 1179 Ἔστι
335 1111 396 1198 μὲν
422 1110 484 1180 οὖν
511 1113 566 1179 καὶ
593 1113 638 1179 δι’
665 1113 785 1202 ἑτέρων
816 1118 979 1180 πλείστων
1010 1113 1176 1193 ἐπιδεῖξαι

156 1222 217 1304 τὴν
244 1223 425 1304 ταυτότητα
453 1233 520 1286 τῶν
546 1232 656 1306 τομῶν
679 1223 736 1286 διά
758 1233 825 1288 τῶν
847 1230 942 1306 κοινῇ
966 1225 1177 1307 συμβαινόν-

104 1339 138 1387 10
155 1349 223 1391 των
246 1326 373 1404 αὐταῖς·
397 1327 437 1392 οὐ
460 1330 526 1413 μὴν
549 1328 631 1393 ἀλλδι
654 1329 694 1392 τοί
715 1351 751 1411 γε
775 1328 977 1415 ἀρχικώτερα
1000 1340 1074 1394 τῶν
1094 1346 1174 1413 συμ-

156 1433 338 1517 πτωμάτων
371 1441 497 1521 είρηται
524 1436 651 1519 σχεδόν.
702 1438 811 1500 ἔπειτα
837 1433 932 1522 μέχρι
959 1437 1062 1501 τοῦδε
1095 1458 1175 1522 προ-

156 1543 313 1625 αχθείσης
339 1551 397 1625 τῆς
424 1546 568 1629 θεωρίας
595 1542 655 1606 οὐκ
683 1539 755 1625 ἐμοὶ
782 1543 942 1627 προσήκει
963 1542 1173 1608 τούντεῦθεν

156 1650 203 1712 ἔτι
230 1659 297 1713 τῶν
324 1654 451 1714 λοιπῶν
478 1647 597 1714 ἕκαστα
625 1646 780 1726 διεξιόντι
806 1660 875 1725 τοῖς
903 1647 1095 1734 ἀλλοτρίοις
1124 1646 1173 1712 ἐν·

156 1755 352 1841 διατρίβειν·
376 1754 501 1838 ἀνάγκη
525 1755 587 1839 γάρ
606 1776 671 1819 που
691 1759 953 1836 λεπτολογοῦντα
971 1755 1049 1842 περὶ
1070 1755 1171 1821 ἐλλεί-

103 1871 135 1920 15
154 1871 241 1939 ψεως
269 1860 519 1943 ἐπεισκυκλησαι
546 1858 601 1925 καὶ
631 1861 670 1924 τὰ
699 1870 745 1948 τῶ
776 1864 929 1948 Περγαίῳ
957 1859 1170 1946 Ἀπολλωνίῳ

154 1965 385 2051 τεθεωρημένα
407 1964 483 2052 περὶ
506 1967 614 2050 αὐτῆς.
656 1956 734 2032 ἀλλ”
750 1967 813 2054 δ’τςο
838 1969 966 2052 σπουδὴ
984 1964 1168 2054 περαιτέρω

155 2084 304 2155 σκοπεῖν,
332 2071 434 2150 ἔξεστι
462 2081 564 2137 ταῦτα
586 2071 804 2158 παρατιθέντι
826 2085 895 2149 τοῖς
919 2074 955 2140 ἐν
977 2085 1024 2162 τῶ
1048 2074 1168 2160 πρώτῳ

154 2189 221 2243 τῶν
243 2182 407 2244 Κωνικῶν
430 2178 614 2266 εἰρημένοις
633 2180 721 2267 αὐτῷ
741 2177 786 2244 δι’
808 2179 910 2245 αὑτοῦ
929 2183 1114 2264 βεβαιῶσαι
1131 2178 1166 2242 τὸ

155 2289 385 2373 προκείμενον·
410 2286 471 2352 ὅσα
494 2286 557 2370 γάρ
581 2285 617 2351 έν
640 2285 777 2363 ἐκείνοις
799 2283 874 2372 περὶ
896 2287 958 2369 τὴν
976 2295 1037 2351 τοῦ
1056 2287 1165 2352 κώνου

101 2403 135 2452 20
153 2395 258 2478 τομὴν
280 2397 506 2478 συμβαίνοντα
529 2395 590 2477 την
612 2391 819 2477 καλουμένην
842 2395 998 2478 ἔλλειψιν,
1022 2400 1165 2459 τοσαῦτα

152 2498 208 2564 καὶ
237 2499 312 2587 περὶ
341 2503 401 2584 τὴν
431 2509 490 2564 τοῦ
520 2501 703 2585 κυλίνδρου
730 2501 834 2583 τομὴν
862 2498 896 2564 ἐκ
923 2511 990 2564 τῶν
1018 2499 1163 2565 ἐνταῦθα

152 2606 439 2691 προδεδειγμένων
466 2606 598 2691 εὑρήσει
625 2609 859 2689 συμβαίνοντα.
906 2607 1020 2693 διόπερ
1044 2607 1163 2672 τούτου

152 2708 213 2795 μὲν
232 2710 385 2795 ἀποστάς,
408 2712 504 2794 ὀλίγα
522 2709 558 2776 δὲ
576 2714 657 2777 ἀττα
676 2712 839 2796 λημμάτια
857 2716 1026 2798 προσθείς,
1051 2711 1096 2778 δι’
1117 2704 1162 2776 ὧν

152 2816 208 2882 καὶ
226 2819 336 2884 αὐτῶν
355 2817 563 2883 ἐνδείκνυταί
578 2841 648 2895 πως
665 2818 686 2902 ἡ
705 2829 772 2883 τῶν
790 2830 900 2902 τομῶν
919 2821 1087 2903 ταυτότης,
1112 2811 1159 2881 ἐπ’

100 2935 133 2983 25
152 2927 233 2990 ἀλλο
256 2949 287 2989 τι
310 2924 478 3011 τρέψομαι.

638 3055 680 3095 κ.

219 3154 314 3238 Λέγω
338 3158 464 3240 τοίνυν,
488 3156 538 3220 ὅτι
562 3157 707 3221 δυνατόν
730 3155 799 3221 ἐστι
823 3154 925 3233 δείξαι
948 3131 1057 3221 κῶνον
1079 3156 1157 3239 ὁμοῦ

152 3260 208 3326 καὶ
235 3263 417 3348 κύλινδρον
443 3271 502 3348 μιᾷ
524 3260 579 3326 καὶ
602 3273 641 3348 τῇ
664 3262 747 3348 αὐτῇ
770 3261 991 3347 τεμνομένους
1014 3263 1154 3338 ἐλλείψει.

155 3366 366 3378 —————-—...

223 3424 247 3470 4.
268 3417 286 3470 ἀ
307 3450 339 3459 -
359 3423 383 3473 6.
403 3418 505 3488 δεῖξαι]
526 3434 578 3471 om.
597 3436 624 3486 p.
687 3424 710 3472 ⁷.
730 3418 773 3490 κ’]
792 3419 841 3474 κα’
860 3419 963 3489 Halley
982 3437 1045 3473 eum
1058 3418 1154 3474 Gomm.
1236 3449 1237 3494 η

190 3491 230 3541 10.
250 3489 361 3559 αὐταῖς]
379 3507 406 3558 p,
426 3490 521 3550 αὐτοῖς
537 3488 591 3542 Vc.
666 3494 706 3543 12.
726 3489 788 3558 ἐμοὶ
806 3490 951 3563 προσήκει]
971 3489 1069 3559 scripsi
1081 3499 1156 3559 prae-
