2574 3934
501 205 716 262 PRAEFATIO.
1050 205 1116 260 XIII

96 461 274 545 debentur,
296 481 337 524 ne
359 458 412 524 hio
436 459 566 542 quidem
589 481 609 522 a
631 481 682 523 me
705 458 879 543 impetrare
903 458 1004 543 potui.

590 651 631 720 ΙΙ.

166 778 239 844 Iam
261 777 291 842 si
314 778 507 862 quaerimus,
531 800 595 862 qua
612 778 676 842 fide
694 777 790 842 nobis
809 778 931 843 tradita
950 777 1017 842 sint
1034 777 1115 842 haee

98 885 269 970 opuscula,
292 885 330 950 de
352 883 495 949 librariis
518 905 585 948 non
607 889 658 948 est
681 885 768 968 quod
790 905 987 971 magnopere
1006 905 1117 968 quera-

98 1013 189 1077 mur3
221 1011 345 1056 errores
375 1012 561 1056 communes
590 990 737 1056 oodioum
766 987 837 1078 (qui
862 990 992 1075 quidem
1014 991 1050 1054 in
1073 1011 1115 1074 op

98 1119 168 1162 non
187 1096 324 1162 correcti
343 1094 424 1184 sint)
447 1118 506 1161 neo
530 1097 625 1161 multi
649 1101 725 1162 sunt
743 1119 802 1161 neo
821 1117 936 1182 graues
956 1094 1001 1182 (p.
1016 1097 1046 1182 4,
1061 1097 1115 1181 10,

102 1205 229 1288 26,14,
252 1205 306 1287 48,
321 1204 377 1288 25,
401 1203 452 1289 50,
467 1204 524 1287 29,
547 1203 671 1287 58,12,
695 1205 818 1287 66,13,
843 1205 894 1288 70,
914 1205 969 1288 22,
994 1205 1116 1288 84,19,

100 1311 156 1394 92,
176 1311 211 1393 6,
233 1311 287 1392 94,
308 1309 362 1394 17,
388 1311 461 1396 128,
479 1311 538 1396 26,
565 1308 637 1393 158,
656 1311 712 1394 29,
744 1311 863 1396 160,6,
883 1312 939 1395 18,
972 1310 1117 1395 188,16,

100 1418 179 1501 200,
203 1418 233 1501 2,
257 1417 314 1500 22,
345 1417 419 1501 222,
443 1417 499 1502 25,
531 1419 610 1501 232,
636 1419 686 1502 17,
712 1417 766 1501 19,
798 1418 873 1502 236,
899 1419 930 1502 1,
962 1417 1037 1502 238,
1060 1417 1118 1500 24,

100 1525 179 1606 250,
197 1525 250 1606 12,
269 1524 343 1606 260,
358 1524 392 1607 3,
413 1523 449 1588 in
467 1522 586 1587 litteris
604 1523 784 1609 figurarum
802 1545 832 1606 p.
847 1525 900 1608 22,
916 1525 971 1607 12,
994 1524 1046 1607 54,
1061 1524 1117 1607 24,

102 1631 157 1712 56,
172 1629 229 1712 24,
254 1630 304 1714 76,
319 1629 353 1714 5,
377 1631 477 1715 88,4,
502 1631 575 1715 126,
591 1632 623 1713 7,
649 1631 721 1714 140,
742 1630 774 1713 3,
800 1630 871 1713 160,
891 1630 947 1713 23,
973 1631 1118 1714 166,11,

104 1737 180 1818 170,
203 1736 260 1819 23,
295 1737 367 1821 180,
391 1737 425 1820 3,
457 1737 536 1820 208,
558 1737 593 1821 2,
625 1737 704 1820 212,
728 1735 762 1819 9,
794 1735 874 1819 214,
897 1736 953 1819 22,
986 1736 1060 1818 234,
1085 1737 1118 1820 7,

12 1923 14 1926 ¹
104 1843 179 1928 236,
193 1844 228 1926 4,
251 1842 327 1926 268,
340 1843 397 1927 23,
421 1844 496 1926 280,
512 1844 544 1927 7,
567 1841 668 1908 uerba
687 1841 808 1907 omissa
825 1864 856 1925 p.
872 1843 901 1928 8,
918 1843 972 1927 16,
996 1842 1048 1926 52,
1065 1843 1118 1926 13,

102 1950 237 2033 9212,
270 1950 423 2034 162,10,
455 1951 535 2035 212,
558 1951 614 2034 28,
648 1951 721 2034 220,
746 1950 778 2034 3,
811 1948 885 2034 250,
912 1947 976 2037 19).
1021 1949 1120 2012 inter-

101 2055 270 2141 polatione
297 2078 390 2142 uero,
422 2056 519 2121 solita
548 2057 621 2121 labe
650 2077 783 2140 operum
814 2056 1119 2122 mathematicorum

105 2161 318 2249 Graecorum,
346 2185 387 2228 ne
416 2162 555 2229 Serenus
583 2163 713 2248 quidem
741 2168 838 2229 caret.
893 2169 982 2229 certa
1009 2167 1059 2228 est
1084 2162 1120 2226 in

104 2269 287 2335 minoribus
317 2293 347 2354 p.
366 2272 441 2354 206,
463 2273 516 2355 16,
545 2272 656 2354 212,1
685 2267 738 2357 (de
760 2294 792 2355 p.
811 2271 885 2354 272,
909 2273 927 2334 7
956 2293 986 2334 6.
1008 2267 1119 2356 infra),

103 2376 272 2460 aliquanto
295 2375 400 2442 maior
422 2400 452 2461 p.
469 2376 577 2462 298,8
602 2373 672 2462 (ofr.
693 2376 853 2441 soholium
872 2375 1018 2441 additum
1035 2376 1071 2440 in
1087 2375 1120 2440 V

103 2507 136 2567 p.
159 2483 234 2566 252,
258 2480 330 2569 22),
362 2483 401 2548 de
424 2482 539 2569 figuris
563 2481 680 2547 additis
709 2505 738 2547 u.
762 2487 859 2547 notae
886 2506 917 2567 p.
945 2481 1021 2566 155,
1046 2484 1118 2568 179,

106 2589 186 2674 235,
209 2591 275 2654 243
299 2587 370 2676 (cfr.
393 2614 425 2675 p.
449 2587 516 2676 21).
561 2593 729 2674 praeterea
755 2589 857 2654 uerba
883 2614 914 2675 p.
937 2591 989 2673 44,
1015 2591 1055 2654 18
1081 2590 1119 2654 τὸ

107 2698 171 2781 ἄρα
196 2733 235 2743 -
263 2697 303 2760 19
329 2700 394 2761 ΘΛ
423 2701 574 2780 suspeota
602 2701 692 2781 sunt,
725 2697 801 2780 quia
822 2701 899 2782 post
925 2717 1015 2780 prop.
1039 2694 1120 2760 XIII

105 2824 240 2888 prorsus
270 2807 347 2868 sunt
372 2803 511 2868 inutilia.
556 2825 615 2869 neo
643 2803 733 2868 deest
760 2803 902 2888 suspicio
930 2802 969 2866 de
992 2802 1121 2866 demon·

107 2907 265 2974 stratione
297 2909 400 2974 altera
431 2933 461 2994 p.
485 2910 564 2995 256,
590 2911 630 2974 13
645 2931 712 2994 sqq.
744 2909 941 2994 interpolata
973 2931 1046 2973 oum
1077 2907 1119 2972 ob

106 3036 209 3101 genus
232 3015 421 3080 uniuersum
444 3013 489 3104 (u.
513 3015 656 3082 Euclidis
682 3014 800 3100 oppV
823 3039 854 3101 p.
873 3013 1024 3104 LXXIX)
1048 3019 1119 3080 tum

107 3126 242 3207 propter
254 3121 453 3188 locutionem
467 3122 634 3188 insolitam
648 3132 762 3205 κοινῆς
776 3121 935 3208 ἀρθείσης
952 3146 983 3207 p.
997 3123 1072 3206 258,
1086 3122 1121 3205 8,

109 3231 186 3313 260,
201 3229 236 3312 4,
258 3232 330 3293 tote
346 3233 514 3313 praeterea
533 3228 819 3294 demonstrationis
834 3229 940 3293 forma
953 3228 1123 3293 uerbosior

108 3341 158 3402 est
182 3339 215 3400 et
238 3336 279 3400 ad
296 3335 456 3402 rationem
477 3335 705 3401 elementarem
723 3335 857 3420 propius
877 3334 1003 3399 adsedit
1023 3357 1120 3419 quam

108 3464 167 3529 pro
191 3463 282 3507 more
306 3440 425 3508 Sereni.

176 3547 319 3614 difficilis
344 3548 491 3634 quaestio
515 3552 565 3613 est
588 3549 626 3614 de
649 3544 928 3632 propositionibus
951 3567 1121 3612 numeran-
