2592 3932
191 153 256 216 226
505 155 592 206 ΠΕΡΙ
609 153 739 207 Κωειον
756 155 894 209 ΤοΜΗΣ.

259 299 340 363 ἔστω
363 307 496 381 πρῶτον
520 303 582 380 ἴση.

258 402 316 468 έᾶν
344 398 406 468 οὖν
432 401 547 485 πάλιν,
575 403 612 468 τὸ
640 405 775 486 εἰωθός,
804 402 841 468 έν
868 413 913 492 τῷ
936 404 1045 491 κύκλῳ
1073 414 1111 490 τῇ
1134 407 1199 468 ΓΛ

191 512 274 595 πρὸς
297 509 403 595 ὀρθὰς
426 508 599 594 ἀγάγωμεν
622 511 681 586 τὰς
699 514 785 593 ΗΛ,
804 513 892 594 ΜΒ,
915 508 970 576 κοιὶ
991 508 1200 594 ἐπιζεύξωμεν

191 619 252 702 τὴν
275 620 351 700 ΒΛ,
375 616 431 680 διὰ
453 617 493 680 τὰ
516 614 691 700 δειχθέντα
713 617 870 693 πολλάκις
892 615 912 699 η
936 620 1009 682 HA
1031 618 1112 701 πρὸς
1133 620 1197 682 AB

156 727 323 809 σμείζονοι
350 726 451 804 λόγον
477 720 540 800 ἕξει
567 723 649 808 ἄτερ
677 721 697 805 ἡ
725 727 804 787 ΒΜ
826 724 909 810 πρὸς
931 728 1015 790 HA·
1044 721 1200 790 ὥστεκαὶ

191 832 228 896 τὸ
257 831 313 896 διὰ
341 841 408 896 τῶν
437 832 524 913 ΑΗ,
553 833 624 894 ΗΛ
652 827 816 906 ἰσοσκελές
838 832 949 914 μεῑζόν
973 829 1041 895 έστι
1063 839 1122 894 τοῦ
1144 831 1199 894 διὰ

190 946 250 1002 τοῦ
274 936 391 1015 ἄξονος
414 938 612 1012 ίσοσκελοῦς.

259 1046 290 1108 εἰ
312 1039 348 1108 δὲ
366 1043 386 1127 ἡ
407 1047 479 1108 ΖΗ
494 1040 637 1108 έλᾶττων
656 1041 725 1109 ἐστὶ
744 1052 801 1128 τῆς
820 1042 856 1108 έκ
873 1051 934 1108 τοῦ
952 1040 1101 1128 κέντρου,
1120 1047 1200 1108 ἔστω

190 1149 210 1232 ἡ
234 1154 313 1215 ΗΝ
333 1155 387 1232 ἴση
410 1159 449 1235 τῇ
473 1149 508 1214 έκ
530 1158 590 1215 τοῦ
613 1148 762 1234 κέντρον.
807 1147 876 1215 έτιεὶ
898 1145 960 1215 οὖν
983 1149 1003 1232 η
1026 1154 1099 1214 ΗΑ
1120 1152 1202 1234 πρὸς

138 1268 172 1316 10
191 1259 256 1320 AB
284 1259 415 1340 μείζονα
443 1258 543 1338 λόγον
571 1259 636 1340 ἔχει
662 1258 745 1342 ἤπερ
773 1255 793 1339 η
819 1260 887 1321 ΗΖ
910 1257 994 1341 πρὸς
1018 1261 1094 1339 ΖΒ,
1121 1256 1140 1339 ἡ
1163 1253 1200 1320 δὲ

190 1366 260 1426 ΗΖ
287 1363 370 1446 πρὸς
399 1365 460 1427 ΖΒ
487 1365 618 1446 μείζονα
646 1366 747 1445 λόγον
775 1365 839 1447 ἔχει
867 1365 949 1448 ἄτερ
977 1363 997 1447 ἡ
1023 1367 1102 1428 HN
1120 1365 1201 1448 πρὸς
1268 1383 1269 1456 χ

190 1473 269 1552 ΝΒ,
292 1467 347 1533 καὶ
369 1468 389 1552 ἡ
413 1471 477 1556 ἄρα
496 1472 568 1534 HA
585 1469 668 1554 πρὸς
684 1473 748 1533 ΑΒ
767 1473 899 1554 μείζονα
917 1472 1018 1551 λόγον
1037 1472 1101 1552 ἔχει
1119 1471 1200 1554 ἤπερ
1268 1469 1269 1528 ἄ

190 1574 210 1658 ἡ
233 1579 313 1640 ΗΝ
334 1577 417 1663 πρὸς
439 1579 523 1658 ΝΒ,
550 1574 722 1640 τουτέστιν
748 1577 830 1663 ἄτερ
862 1575 883 1659 ἡ
911 1580 990 1641 ΒΜ
1010 1578 1095 1660 πρὸς
1120 1579 1198 1641 HA.
1268 1599 1269 1608 ¹

188 1681 244 1747 ιιοιὶ
277 1682 383 1758 οὕτως
414 1683 451 1747 τὸ
483 1682 539 1746 διὰ
563 1687 629 1764 ’τῆς
660 1686 736 1747 ΑΗ
765 1677 929 1758 ἰσοσκελὲς
962 1691 1023 1746 τοῦ
1041 1683 1110 1764 διὰ
1141 1690 1200 1746 τοῦ

138 1800 170 1847 15
190 1787 307 1867 ἄξονος
332 1791 521 1863 ίσοσκελοῦς
543 1791 652 1871 μεῖζον
676 1789 775 1852 ἔσται.

257 1896 288 1958 εἰ
320 1890 356 1957 δὲ
391 1892 411 1974 η
448 1897 519 1958 ΖΗ
548 1897 667 1978 μείζων
701 1891 769 1960 ἐστὶ
803 1901 861 1977 τῆς
893 1892 928 1958 έκ
960 1902 1020 1958 τοῦ
1052 1893 1200 1980 κέντρον,

191 1999 321 2083 διήχθω
355 1999 375 2081 η
406 1999 469 2074 ΖΞ
499 2005 552 2083 ἴση
580 2009 619 2086 τῇ
648 1999 684 2065 έκ
710 2008 769 2064 τοῦ
797 1997 945 2085 κέντρον.
996 1998 1064 2066 ἐπεὶ
1092 1997 1198 2082 οὖνὴ

190 2105 255 2170 ὑπὸ
275 2105 371 2179 ΞΖΒ
393 2106 433 2172 οὐ
451 2110 570 2190 μείζων
589 2105 658 2173 ἐστὶ
676 2116 733 2190 της
751 2107 816 2172 ὑπὸ
838 2111 950 2190 ΖΑΒ,
974 2106 1198 2192 ἐπιζευχθεῖσα

190 2214 254 2297 ἄρα
282 2213 302 2296 η
326 2211 391 2285 ΞΑ
417 2213 500 2298 πρὸς
522 2217 589 2277 ΑΒ
616 2216 749 2297 μείζονα
776 2215 877 2296 λόγον
901 2211 964 2292 ἕξει
986 2214 1070 2298 ἥτιερ
1094 2213 1115 2296 ἡ
1139 2212 1196 2286 ΞΖ

135 2333 170 2381 20
189 2320 272 2406 πρὸς
296 2322 367 2383 ΖΒ.
405 2318 450 2395 ὡς
473 2315 510 2384 δὲ
532 2317 552 2401 η
573 2318 634 2392 ΞΖ
656 2320 739 2405 πρὸς
759 2324 837 2402 ΖΒ,
860 2319 966 2395 οὕτως
987 2319 1007 2402 ἡ
1026 2323 1107 2384 ΒΜ
1119 2320 1198 2405 πρὸς

189 2424 264 2498 ΞΟ·
292 2423 313 2508 ἡ
336 2427 401 2512 ἄρα
424 2424 489 2499 ΞΑ
510 2426 594 2511 πρὸς
617 2430 683 2490 AB
705 2429 837 2510 μείζονα
860 2427 962 2508 λόγον
985 2428 1050 2509 έχει
1074 2422 1194 2512 ηπερὴ

188 2535 261 2596 ΜΒ
288 2534 371 2618 πρὸς
394 2532 465 2606 ΞΟ.
510 2534 547 2599 τὸ
575 2534 639 2617 ἄρα
668 2533 724 2600 διδι
747 2543 814 2598 τῶν
837 2532 917 2616 ΑΞ,
947 2532 1010 2606 ΞΟ
1035 2528 1195 2605 ἰσοσκελὲς
1269 2523 1270 2560 ³

188 2641 297 2721 μειῖόν
326 2637 394 2704 έστι
421 2647 481 2704 τοῦ
508 2640 564 2704 διὰ
591 2648 652 2704 τοῦ
676 2638 793 2717 ἄξονος
817 2641 1020 2716 ίσοσκελοῦς·
1051 2639 1113 2705 οὐκ
1135 2639 1195 2721 ἄρα

188 2744 225 2808 τὸ
258 2743 313 2807 διᾶ
345 2752 406 2808 τοῦ
438 2742 554 2822 ἄξονος
588 2742 753 2822 ἰσοσκελὲς
784 2746 919 2812 πάντων
947 2744 1103 2831 μέγιστόν
1131 2743 1192 2810 ἐστι

135 2863 169 2912 25
189 2859 255 2914 τῶν
292 2846 475 2936 εἰρημένων
513 2853 701 2918 ἰσοσκελῶν.
768 2852 901 2936 ἐδείχθη
939 2850 990 2935 δέ,
1034 2852 1085 2918 ὅτι
1121 2843 1192 2916 οὐδὲ

187 2994 400 3002 ————.-.-...

259 3083 282 3132 2.
302 3078 345 3151 τό]
363 3076 436 3133 κατὰ
449 3078 480 3132 τό
494 3078 604 3148 Halley,
659 3085 683 3134 3.
704 3077 806 3151 ὀρθάς]
823 3097 884 3150 vcp,
904 3079 1029 3148 οντων,
1049 3104 1091 3150 ‚‚·:·
1108 3071 1191 3146 ὀρθάς

188 3152 302 3219 apogr.“
326 3168 381 3218 mg.
400 3167 435 3204 m.
455 3166 509 3205 ree.
601 3149 675 3221 ΜΒ]
700 3155 763 3205 ΒΜ
781 3170 807 3219 p.
898 3157 940 3206 10.
965 3147 1076 3222 ἥψω]
1100 3149 1142 3203 bis
1158 3143 1187 3196 V·

223 3227 265 3274 11.
285 3219 371 3292 ἥπερ]
392 3219 468 3290 εέτιερ
487 3238 510 3275 ο,
602 3228 642 3277 12.
664 3220 823 3291 καὶὴἄρα
844 3223 914 3293 HA]
934 3222 964 3275 in
981 3239 1036 3276 ras.
1055 3240 1082 3291 p.
1151 3220 1188 3270 13.

187 3293 256 3361 ΝΒ]
274 3309 306 3359 p,
332 3295 386 3345 ΗΒ
405 3290 458 3346 Vc.
541 3298 582 3346 14.
602 3290 666 3363 καί]
686 3292 749 3347 fort.
770 3290 836 3346 ὥστε
855 3290 911 3348 καί.
984 3292 1187 3417 τηςΑΗχιῶν

186 3364 250 3428 AH,
266 3365 322 3415 HA
340 3361 443 3430 Halley
457 3380 520 3416 cum
534 3363 637 3417 Comm.
692 3372 741 3418 τοῦ
752 3365 826 3435 (pr.)]
845 3383 872 3434 p,
891 3365 923 3419 τό
937 3363 991 3418 Vc.
1048 3369 1087 3418 15.
1122 3355 1185 3429 στω]

187 3429 244 3484 ἐστι
262 3448 350 3500 comp.
365 3451 391 3500 p.
456 3439 497 3487 17.
520 3435 587 3524 ΖΞχ
606 3451 681 3502 vop,
700 3451 768 3488 corr.
784 3439 884 3490 exZZ
902 3434 1016 3491 m.1V.
1074 3439 1114 3490 19.
1129 3427 1186 3496 ἕξεᾶ

186 3499 351 3561 -ξ-οοοττ.
372 3519 394 3555 ο.
467 3501 736 3580 21.ἡαρα-,-22.
756 3505 826 3573 πρὸς
844 3507 912 3579 ΞΟ]
932 3523 985 3561 om.
1004 3523 1031 3576 p.
