2592 3932
165 185 229 248 278
480 187 567 236 nm
584 185 713 238 Κωαον
731 187 867 239 'mmm

230 505 305 572 Ἐἀν
333 507 396 571 δύο
422 509 541 572 κώνων
568 506 684 593 ὀρθῶν
711 506 731 589 ἡ
759 507 855 590 βάσις
881 487 965 592 πρὸς
995 506 1056 589 τὴν
1078 506 1182 588 βάσιν

166 615 364 679 διπλασίονα
391 616 492 696 λόγον
516 617 572 700 ἔχῃ
594 615 677 700 ἥπερ
701 613 718 678 6
742 624 848 689 κῶνος
870 614 954 698 πρὸς
976 613 1035 677 τὸν
1057 622 1181 693 κῶνον,

165 722 206 785 τά
229 721 285 785 διά
307 730 375 784 τῶν
397 718 526 797 ἀξόνων
549 723 695 806 τρίγωνα
719 726 774 784 ἴσα
797 719 953 802 ἀλλήλοις
976 722 1076 783 ἔσται.

130 841 146 888 5
233 831 380 892 ἔστωσαν
406 837 508 892 κῶνοι
536 826 651 912 ὀρθοί,
679 821 727 891 ὧν
754 823 900 912 κορυφαὶ
927 821 990 909 μὲν
1012 826 1053 889 τά
1075 829 1122 908 A,
1152 829 1182 888 B

165 945 293 1018 σημεῖα,
316 932 428 1016 βάσεις
451 929 488 997 δὲ
511 935 545 997 οί
565 931 641 1019 περὶ
664 934 704 996 τά
722 937 767 1016 Η,
793 937 821 997 Θ
843 931 965 1017 κέντρα
987 934 1115 1015 κύκλοι,
1139 931 1181 994 τά

166 1037 202 1105 δὲ
226 1041 282 1104 διά
308 1051 376 1104 τῶν
403 1038 531 1117 ἀξόνων
558 1044 704 1125 τρίγωνα
727 1040 767 1103 τά
790 1042 909 1123 ΑΓΛ,
937 1042 1051 1121 ΒΕΖ,
1080 1036 1179 1122 ἐχέτω

166 1144 203 1212 δὲ
225 1147 243 1212 6
266 1151 306 1211 Η
323 1148 444 1222 κύκλος
466 1148 548 1232 πρὸς
570 1149 630 1213 τὸν
655 1151 684 1211 Θ
707 1148 906 1211 διπλασίονα
929 1148 1031 1227 λόγον
1054 1147 1137 1229 ἤπερ
1161 1144 1178 1209 6

165 1257 310 1318 ΑΗΓΔ
331 1266 438 1331 κῶνος
459 1255 543 1340 πρὸς
560 1256 620 1319 τὸν
637 1258 780 1319 ΒΘΕΖ.
822 1251 917 1338 λέγω,
941 1253 992 1318 ὅτι
1011 1253 1052 1317 τά
1071 1255 1177 1334 ΑΓΛ,
1275 1299 1276 1310 .

114 1343 263 1424 10'BEZ
286 1363 432 1445 τρίγωνα
456 1366 511 1425 λσα
534 1359 689 1443 ἀλλήλοις
712 1361 810 1426 ἐστίν.

233 1470 331 1551 ἔστω,
368 1467 413 1544 ὡς
449 1467 467 1532 6
505 1471 644 1532 ΑΗΓΔ
678 1477 784 1542 κῶνος
820 1467 903 1552 πρὸς
938 1467 998 1530 τὸν
1030 1469 1176 1546 ΒΘΕΖ,

167 1573 273 1650 οὕτως
296 1572 313 1639 6
338 1578 471 1639 ΒΘΕΖ
494 1576 578 1658 πρὸς
600 1575 659 1639 τὸν
682 1577 716 1637 Κ
722 1578 826 1638 ΘΕΖ.
869 1571 938 1637 ε’πελ
961 1571 978 1638 6
1002 1576 1042 1638 H
1061 1573 1176 1646 κύκλος

165 1682 249 1766 πρὸς
263 1681 322 1746 τὸν
334 1684 363 1744 Θ
376 1682 500 1746 κύκλον
515 1682 712 1745 διπλασίονα
727 1682 828 1761 λόγον
843 1682 908 1763 ἔχει
917 1679 999 1765 ἤπερ
1011 1678 1028 1743 6
1039 1685 1072 1743 A
1077 1683 1117 1742 H
1120 1682 1176 1743 ΓΛ

165 1798 271 1862 κῶνος
301 1789 384 1874 πρὸς
410 1788 469 1851 τὸν
491 1791 626 1851 ΒΘΕΖ
653 1797 777 1869 κῶνον,
806 1785 890 1850 ἀλλά
914 1783 971 1849 καλ
995 1785 1012 1850 6
1037 1787 1175 1849 ΑΗΓΔ

115 1903 148 1952 15
168 1904 274 1969 κῶνος
296 1894 379 1979 πρὸς
401 1895 460 1960 τὸν
479 1897 513 1957 Κ
518 1898 615 1959 ΘΕΖ
638 1904 747 1958 κῶνον
771 1893 969 1957 διπλασίονα
993 1894 1095 1974 λόγον
1114 1895 1175 1975 ἔχει

165 2000 248 2084 ἥπερ
277 1999 294 2064 ὁ
322 2004 464 2065 ΑΗΓΔ
491 2011 596 2076 κῶνος
624 2001 708 2086 πρὸς
735 2001 793 2065 τὸν
820 2004 969 2082 ΒΘΕΖ,
997 1999 1042 2074 ὡς
1070 2001 1134 2085 ἀρα
1159 1998 1175 2064 6

166 2109 206 2168 H
225 2107 345 2182 κύκλος
366 2108 449 2191 πρὸς
472 2108 531 2172 τὸν
553 2108 732 2190 Θκύκλον,
755 2106 861 2183 οὕτως
879 2105 897 2170 6
920 2109 1056 2170 ΑΗΓΔ
1074 2116 1176 2180 κῶνος

165 2213 249 2295 πρὸς
267 2213 326 2277 τὸν
340 2215 375 2276 Κ
380 2218 476 2278 ΘΕΖ
490 2224 608 2278 κῶνον.
647 2215 730 2278 ὥστε
744 2210 814 2276 ἐπεὶ
828 2213 863 2276 οί
874 2216 1028 2295 ΑΗΓΔ,
1042 2215 1077 2275 Κ
1084 2215 1175 2277 ΘΕΖ

166 2329 268 2384 κῶνοι
291 2322 374 2406 πρὸς
397 2319 560 2403 ἀλλήλους
583 2317 668 2384 είσλν
687 2320 731 2396 ῶς
750 2320 787 2384 αλ
802 2319 924 2402 βάσεις,
949 2321 1099 2396 ἰσοϋψεῖς
1116 2321 1175 2402 ἀρα

114 2436 148 2485 20
168 2423 232 2490 είσλ
256 2428 313 2492 διὰ
336 2428 373 2493 τὸ
397 2427 621 2512 ἀντίστροφον
644 2435 704 2490 τοῦ
727 2429 943 2512 θεωρήματος
965 2434 1024 2490 τοῦ
1048 2423 1095 2509 ιβ’
1114 2437 1174 2489 τῶν

168 2536 364 2618 Στοιχείων·
390 2539 443 2617 ίση
467 2535 531 2618 ἀρα
555 2531 645 2598 ἐστὶν
668 2533 688 2617 ἡ
713 2536 789 2597 ΑΗ
807 2543 846 2618 τῇ
870 2536 945 2596 ΚΘ.
984 2530 1053 2596 ἐπεὶ
1077 2527 1173 2597 οὖνὸ

169 2667 208 2674 .—

241 2748 265 2796 1.
285 2742 325 2866 ff}
345 2758 398 2796 om.
413 2742 447 2811 V,
466 2742 513 2811 κη’
529 2762 555 2812 p.
629 2751 653 2798 2.
674 2743 725 2798 ἐὰν
744 2743 808 2814 δύο]
827 2761 853 2811 v,
873 2758 953 2796 euan.
968 2741 1002 2810 V,
1025 2757 1171 2810 suprascr.

167 2829 295 2954 ssh'rffik,
311 2903 346 2938 m.
362 2901 416 2938 rec.
491 2890 515 2938 5.
534 2884 674 2959 κορυφαί]
693 2904 720 2956 p,
740 2884 852 2954 κορυφή
870 2884 927 2938 Vv.
1002 2889 1024 2937 7.
1044 2889 1067 2936 A
1074 2885 1132 2955 ΓΔ]
1148 2901 1171 2952 p,

167 2978 250 3027 ΑΒΔ
268 2973 301 3028 V.
339 3043 345 3054 ι
374 2979 399 3027 8.
421 2974 457 3045 Θ]
475 2992 529 3043 vp3
550 2991 629 3030 enan.
645 2975 678 3044 V,
697 2993 753 3045 mg.
775 2979 850 3027 Bm.
871 2979 900 3041 2,
925 2971 1040 3042 „littera
1057 2963 1084 3026 ᾗ
1100 2975 1171 3026 extra

170 3045 271 3100 seriem
299 3045 412 3099 αὼεολκ
439 3045 596 3101 redundare
624 3046 755 3101 αἰδοίανι
782 3063 819 3099 m.
846 3060 899 3098 rec.
1000 3049 1024 3096 9.
1052 3049 1075 3097 A
1082 3047 1111 3098 H
1116 3043 1171 3114 ΓΔ]

167 3121 253 3170 ΑΗΔ
271 3135 298 3186 p.
355 3122 396 3171 10.
418 3114 475 3189 ίσα]
495 3136 550 3187 vp,
570 3118 660 3186 suppl.
679 3135 715 3171 m.
735 3133 789 3171 reo.
804 3116 837 3170 V.
902 3121 942 3169 11.
962 3116 1033 3182 πρὸς
1050 3114 1111 3186 τόν]
1128 3132 1170 3182 vp,

168 3187 258 3312 ἀλλ’
274 3187 501 3331 6662510
515 3188 741 3315 &66²6
760 3187 1045 3330 ωλιιλλλέλλ
1067 3187 1173 3310 {36²⁷

204 3302 362 3384 ιλιι-ἰε
377 3329 472 3402 mm]
485 3278 527 3385 λλ,
539 3337 555 3384 3
569 3331 595 3385 v
609 3294 668 3399 (ἕλε.
683 3303 722 3383 ιε’
734 3349 761 3399 p.
778 3336 837 3398 ιιι,
854 3332 911 3399 14);
931 3300 1136 3383 cofitun'effiam
1147 3299 1169 3380 v]

205 3405 247 3452 12.
267 3399 343 3471 ἐπεί]
363 3418 388 3469 V,
408 3401 457 3455 καλ
471 3401 535 3455 ἐπεί
548 3401 606 3469 Vp.
664 3407 704 3454 14.
723 3403 847 3472 ΑΗΓΔ]
865 3418 916 3470 vp,
936 3417 1004 3453 corr.
1020 3415 1055 3452 ex
1069 3401 1169 3453 ΒΘΕΖ

169 3468 269 3521 eadem
286 3487 371 3523 manu
389 3470 423 3526 V.
498 3478 538 3526 16.
559 3472 658 3541 6(pr.)]
677 3490 703 3540 v,
724 3489 808 3541 supra
826 3473 879 3528 lac.
899 3490 934 3526 m.
954 3487 1007 3525 rec.
1027 3469 1060 3538 V,
1080 3486 1129 3524 om.
1146 3487 1168 3538 p.

205 3541 315 3592 ΑΗΓΔ
334 3542 434 3612 κῶνος]
455 3558 507 3597 om.
522 3560 549 3611 p.
616 3547 655 3595 19.
677 3542 815 3614 ἰσοϋψεῖς]
835 3562 884 3613 vp,
904 3559 984 3597 σοαπ.
999 3540 1032 3610 V,
1051 3557 1108 3609 rep.
1122 3557 1168 3609 mg.

327 2811 363 2867 ἀν
381 2832 408 2883 p.
481 2813 551 2882 πρός
570 2847 603 2854 -
623 2821 646 2869 4.
669 2813 755 2886 ἔσται]
775 2832 816 2882 vp
835 2813 976 2882 (ἀλλήλαις
994 2815 1035 2882 v),
1055 2829 1133 2866 οιτον.
1142 2812 1171 2880 V,
