2504 3928
162 192 228 254 214
477 195 564 246 ΠΕΡΙ
581 193 710 246 ΚΩΝΟΤ
727 196 864 247 ΤΟΜΗΣ.

161 334 311 401 τουτέστι
333 346 391 420 τῆς
411 336 477 401 ὑπὸ
502 340 608 421 ΓΔΒ,
630 339 670 402 οὐ
688 342 807 422 μείζων
830 336 921 403 ἐστὶν
939 335 958 421 ἡ
977 338 1049 402 ὑπὸ
1070 338 1178 417 ΑΓΒ,

162 445 199 508 αί
223 444 287 529 ἄρα
313 442 379 508 ὑπὸ
407 447 524 528 ΑΓΛ,
548 447 663 527 ΓΒΛ,
695 443 866 511 τουτέστιν
897 446 935 510 αἱ
962 445 1032 509 ὑπὸ
1062 445 1177 523 ΑΒΗ,

162 551 276 631 ΓΒΑ,
309 550 350 614 οὐ
383 549 527 635 μείζονές
559 553 623 615 είσι
655 553 749 617 δυεῖν
778 551 907 637 ὀρθῶν·
941 553 978 616 αί
1012 547 1087 637 ίίραΙ
1115 548 1177 613 ὑπὸ

162 660 280 738 ΑΒΔ,
304 661 416 721 ΑΒΗ
439 656 479 722 οὐ
507 656 652 742 μείζονές
678 661 742 722 είσι
769 670 872 746 τριῶν
895 659 1023 745 ὀρθῶν.
1071 654 1092 738 ἡ
1118 657 1178 738 ἄρα

125 778 142 826 5
161 762 226 826 ὑπὸ
244 767 357 827 ΑΒΗ
370 763 431 827 οὐκ
451 763 594 829 ἐλάττων
613 765 719 849 ὀρθῆς
738 764 820 830 ἐστι·
841 769 960 849 μείζων
978 763 1047 851 ἄρα
1066 761 1089 846 ἡ
1109 766 1178 826 ΗΔ

159 877 218 951 τῆς
239 873 316 933 ΑΒ.
365 867 385 951 ἡ
410 876 481 935 ΑΛ
509 867 574 956 ἄρα
599 872 683 957 πρὸς
706 876 784 936 ΔΗ
802 871 960 938 ἐλάττονα
984 875 1094 955 λόγον
1116 871 1176 952 ἔχει

159 976 241 1060 ἤπερ
264 972 284 1057 ἡ
310 981 379 1039 ΑΑ
401 977 484 1062 πρὸς
506 981 585 1041 ΔΒ·
610 977 690 1064 ὅπερ
714 979 780 1042 ἔδει
804 977 917 1056 δεῖξαι.

632 1171 700 1238 W.

231 1297 304 1359 Τῶν
334 1295 445 1361 αὐτῶν
477 1297 584 1361 ὄντων
611 1307 679 1362 τῶν
706 1296 818 1363 ἄλλων
846 1298 904 1364 ἐὰν
931 1307 992 1363 τοῦ
1021 1299 1174 1384 ὀρθογω-

107 1415 140 1464 10
159 1403 234 1465 νίου
262 1398 282 1483 ἡ
312 1404 373 1486 τὴν
400 1402 509 1489 ὀρθὴν
531 1404 751 1470 ὑποτείνουσα
774 1407 858 1493 πρὸς
879 1405 938 1488 τὴν
960 1407 1045 1492 πρὸς
1069 1402 1173 1488 ὀρθὰς

157 1516 198 1592 τῇ
221 1508 315 1590 βάσει
338 1513 469 1594 μείζονα
497 1513 599 1593 λόγον
622 1514 679 1598 ἔχῃ
702 1514 784 1598 ἥπερ
808 1521 868 1577 τοῦ
892 1503 1171 1597 ἀμβλυγωνίουὴ
1244 1564 1245 1587 ,

158 1615 220 1698 τὴν
243 1614 402 1700 ἀμβλεῖαν
424 1617 645 1682 ὑποτείνουσα
668 1621 751 1704 πρὸς
773 1621 834 1703 τὴν
852 1619 936 1704 πρὸς
953 1617 1117 1702 ἀμβλεῖαν
1134 1621 1170 1697 τῇ
1244 1599 1245 1654 Ῐ

157 1722 266 1805 βάσει,
289 1720 309 1804 ἡ
332 1723 415 1808 πρὸς
437 1733 477 1809 τῇ
499 1735 632 1810 κορυφῇ
657 1734 718 1789 τοῦ
741 1724 952 1812 ὀρθογωνίου
975 1729 1085 1807 γωνία
1105 1722 1168 1808 μεί-

158 1830 223 1906 ζων
256 1826 324 1892 ἐστὶ
355 1838 413 1913 τῆς
444 1829 675 1916 περιεχομένης
706 1835 829 1913 γωνίας
860 1831 926 1896 ὑπό
958 1855 992 1896 τε
1024 1841 1084 1916 τῆς
1116 1829 1169 1902 τὰς

107 1949 139 1998 15
158 1935 309 2019 κορυφὰς
335 1946 402 2000 τῶν
429 1937 602 2022 τριγώνων
626 1936 898 2020 ἐπιζευγνυούσης
925 1936 981 2002 καὶ
1008 1948 1066 2022 τῆς
1090 1935 1167 2021 πρὸς

159 2040 318 2125 ἀμβλεῖαν
341 2050 380 2127 τῇ
403 2043 506 2125 βοίσει.
1245 2033 1246 2106 V

224 2150 348 2212 κείσθω
372 2146 391 2230 ι]
417 2148 499 2232 αὐτὴ
522 2151 718 2236 καταγραφὴ
741 2159 808 2214 τῶν
827 2149 937 2215 αὐτῶν
956 2162 1165 2216 κατεσκευασ-

157 2252 276 2339 μένων.
322 2252 392 2320 ἐπεὶ
419 2251 482 2321 οὖν
504 2253 523 2338 ἡ
548 2263 581 2320 A
587 2259 619 2321 Γ
636 2257 720 2343 πρὸς
743 2260 803 2321 ΓΒ
826 2259 957 2341 μείζονα
980 2261 1083 2340 λόγον
1106 2259 1165 2341 ἔχει
1245 2267 1246 2297 ¹

158 2362 239 2448 ἤπερ
263 2359 283 2445 ἡ
308 2368 378 2427 ΑΛ
400 2363 483 2448 πρὸς
500 2367 582 2446 ΑΒ,
605 2363 649 2439 ὡς
672 2360 709 2428 δὲ
731 2361 751 2445 ἡ
775 2367 846 2428 ΑΓ
863 2364 947 2449 πρὸς
969 2366 1043 2448 ΓΒ,
1066 2365 1165 2434 οὕτως

105 2465 177 2550 2οἡ
202 2474 273 2532 ΑΔ
300 2471 382 2556 πρὸς
405 2474 493 2554 ΔΗ,
520 2467 575 2534 καὶ
602 2468 622 2552 ἡ
651 2468 715 2555 ἄρα
738 2474 809 2534 ΑΔ
834 2471 918 2556 πρὸς
939 2475 1018 2534 ΛΗ
1039 2475 1164 2555 μείζονα
1245 2442 1246 2503 ]

157 2577 258 2656 λόγον
281 2578 346 2660 ἔχει
370 2578 452 2662 ἥπερ
471 2574 491 2659 ἡ
511 2581 581 2641 ΑΔ
598 2577 682 2662 πρὸς
698 2580 779 2640 ΑΒ·
808 2576 953 2642 ἑλίττων
975 2575 1039 2664 ίιρα
1060 2575 1076 2660 ι]
1099 2577 1163 2642 ΗΔ
1245 2630 1246 2699 ρ

156 2689 215 2762 τῆς
246 2686 325 2746 ΑΒ.
378 2679 398 2763 ἡ
431 2680 495 2769 ἄρα
526 2683 591 2748 ὑπὸ
621 2687 734 2748 ΑΒΗ
761 2687 866 2765 γωνία
899 2682 1044 2749 ἐλάττων
1080 2680 1162 2749 ἐστὶν

157 2824 370 2832 ---.——.-

230 2915 253 2963 1.
268 2909 286 2978 ὴ
300 2908 355 2963 ὑπό
370 2941 403 2948 -
419 2917 442 2963 3.
458 2909 566 2981 ὀρθῶν]
581 2927 663 2980 om.p
682 2911 784 2965 lacuna
798 2910 905 2966 relicta.
963 2918 986 2965 1.
1006 2911 1023 2982 τ]
1038 2912 1105 2984 ὑπό]
1119 2925 1159 2974 vc,

157 2997 238 3036 euan.
248 2980 281 3049 V,
301 2983 387 3049 repet.
401 2998 457 3051 mg.
472 3000 508 3036 m.
522 2997 576 3037 rec.
592 2984 644 3051 („†
659 2982 743 3036 sicin
757 2983 955 3053 apographo“).
1011 2985 1103 3055 APB]
1119 2997 1158 3046 vc,

157 3070 237 3108 euan.
257 3053 291 3121 V,
314 3054 400 3121 repet.
420 3071 475 3123 mg.
495 3071 530 3107 m.
549 3069 603 3107 rec.
684 3060 708 3109 2.
728 3053 759 3108 αλ
774 3053 858 3126 (alt.)]
876 3070 928 3122 vc,
952 3069 1034 3108 enan.
1053 3053 1087 3123 V,
1109 3069 1157 3122 mg.

156 3144 192 3180 m.
211 3141 265 3179 ree.
290 3123 339 3193 ,μί
358 3155 390 3164 -
410 3123 450 3178 sie
472 3123 503 3177 in
527 3125 702 3194 apographo,
731 3125 781 3179 sed
803 3127 888 3179 notae
912 3127 941 3178 et
961 3124 1085 3194 spatium
1102 3124 1158 3194 plus

156 3196 333 3266 designanb‘fl
424 3196 524 3267 ΑΒΗ]
547 3214 565 3249 v
593 3198 622 3249 et
650 3213 734 3265 supra
762 3213 812 3251 ser.
836 3215 872 3250 m.
895 3211 950 3251 ree.
969 3195 1002 3264 V,
1032 3213 1111 3250 enan.
1129 3194 1157 3260 V,

154 3270 246 3321 ARN
261 3284 284 3321 ο.
349 3272 373 3320 5.
393 3265 461 3340 ἐστι]
481 3266 660 3320 abstulerunt
678 3283 786 3321 uermes
806 3284 828 3323 ο.
893 3273 917 3322 6.
937 3267 1006 3320 Post
1023 3272 1086 3322 ΔΗ
1102 3266 1157 3321 add.

156 3336 271 3406 Halley:
298 3335 438 3393 τουτέστιν
457 3339 474 3407 τ]
494 3342 550 3392 ΑΓ
563 3338 634 3406 πρὸς
653 3342 711 3393 ΓΒ.
786 3338 853 3410 ἔχει]
872 3355 926 3392 om.
946 3355 968 3392 ο.
1050 3345 1074 3392 7.
1100 3337 1159 3402 ὅπερ

158 3405 216 3460 ἔδει
230 3409 331 3479 δεῖξαι]
351 3425 403 3462 om.
415 3427 442 3478 p.
499 3415 522 3462 9.
542 3417 597 3462 τῶν
612 3407 712 3481 ἄλλων]
733 3426 785 3464 om.
796 3428 823 3478 p.
880 3415 921 3464 12.
940 3408 1158 3482 πρός(ιι1λ.)]ομ,

157 3491 211 3529 om.
221 3477 277 3532 Vv.
340 3480 488 3550 ἀμβλεῖαν]
508 3496 547 3547 cp
566 3481 595 3533 et
613 3479 643 3530 in
661 3487 834 3550 ras.m.1v,
853 3483 871 3551 β
890 3497 974 3550 supra
989 3497 1040 3534 scr.
1055 3479 1157 3536 m.1V.

194 3550 236 3599 14.
255 3545 326 3617 ἐστί]
346 3547 421 3603 ἔσται
439 3569 466 3618 p.
534 3555 574 3603 16.
594 3550 742 3623 ἀμβλεῖαν]
761 3568 831 3621 vop,
850 3554 868 3622 β
887 3568 970 3621 supra
985 3568 1036 3606 scr.
1050 3570 1086 3606 m.
1103 3558 1116 3605 1
1131 3551 1158 3604 V.
