2488 3938
157 170 199 234 88
427 171 514 222 ΠΕΡΙ
532 170 747 222 ΚΤΛῘΝΔΡΟΤ
764 171 901 224 ΤΟΜΗΣ.

156 317 236 396 ΚΓ,
261 313 365 390 οὕτως
387 315 424 380 τὸ
449 313 512 379 ἀπὸ
535 322 593 398 τῆς
616 318 696 379 AM
714 312 894 400 διαμέτρου
916 323 974 399 τῆς
997 313 1171 393 ἐλλείψεως

156 421 239 506 πρὸς
261 421 298 486 τὸ
322 420 386 486 ἀπὸ
409 430 467 506 τῆς
489 424 652 504 σνζυγοῦς
675 419 774 507 ἑαυτῇ
793 419 982 506 διαμέτρου,
1006 423 1051 498 ὡς
1075 418 1114 486 δὲ
1137 423 1171 486 τὸ
1233 407 1238 474 ff

157 527 220 593 ἀπὸ
249 537 306 612 τῆς
332 533 401 593 ΑΘ
427 529 510 613 πρὸς
537 529 573 593 τὸ
601 528 667 593 ὑπὸ
694 539 762 593 τῶν
789 533 868 613 ΒΘ,
894 533 970 614 ΘΓ,
1001 527 1111 605 οὕτως
1137 529 1172 592 τὸ
1237 555 1238 594 ;

157 633 221 700 ἀπὸ
248 644 306 719 τῆς
337 639 412 701 AN
441 634 618 721 διαμέτρου
646 644 703 719 της
731 635 905 714 ἐλλείψεως
930 637 1015 722 πρὸς
1041 637 1081 701 τὸ
1111 634 1171 700 ἀπὸ

122 752 214 827 στῆς
246 746 409 825 συζυγοῦς
441 740 540 828 ἑαυτῇ
573 742 766 829 διαμέτρου,
798 740 853 807 καί
884 743 929 820 ὡς
955 744 1020 829 ἀρα
1048 741 1070 826 η
1101 745 1177 806 AM

157 849 331 936 διάμετρος
357 850 441 934 πρὸς
467 851 528 934 τὴν
556 854 679 933 συζυγῆ
708 850 899 936 διάμετρον,
927 849 1035 927 οὕτως
1058 849 1080 932 ι]
1105 851 1172 914 NA

157 956 332 1042 διάμετρος
357 957 440 1042 πρὸς
467 957 528 1040 την
556 960 678 1041 συζνγη
707 956 892 1043 διάμετρον.
939 957 977 1022 αί
999 958 1067 1043 ἀρα
1092 958 1172 1037 ΛΜ,

158 1066 233 1128 AN
247 1062 373 1146 ὁμοίων
391 1061 568 1141 ἐλλείψεών
587 1066 650 1129 είσι
669 1064 850 1150 διάμετροι·
875 1064 955 1149 ὅπερ
974 1065 1042 1127 ἔδει
1063 1059 1173 1138 δεῖξαι.

224 1167 288 1233 κάν
316 1166 426 1254 ἑτέρας
450 1166 485 1234 δὲ
508 1178 547 1254 τῇ
573 1171 645 1235 ΖΗ
662 1172 893 1256 παραλλήλους
916 1169 1109 1254 ἀγάγωμεν,
1133 1167 1173 1242 ὡς

106 1297 139 1344 10
158 1276 220 1358 τὴν
244 1274 316 1358 ΞΟ,
339 1273 394 1339 καὶ
417 1275 480 1340 ἀπὸ
504 1287 572 1341 τῶν
591 1276 622 1350 Ξ
640 1274 696 1341 καὶ
716 1282 745 1341 0
769 1275 821 1341 ἐπὶ
843 1278 880 1342 τὸ
899 1282 933 1341 A
951 1275 1173 1355 ἐπιζεύξαντες

159 1380 347 1466 ἐκβάλωμεν
371 1379 423 1447 ἐπὶ
446 1383 507 1466 τὴν
526 1387 605 1467 ΒΘ,
628 1381 683 1448 καὶ
706 1395 777 1460 ταῖς
801 1383 1032 1468 έκβληθείσαις
1050 1385 1171 1468 παραλ-

159 1489 280 1571 ληλους
308 1487 482 1574 ἀγάγωμεν
511 1489 547 1554 έν
569 1500 614 1578 τῷ
638 1492 805 1576 τριγώνῳ,
829 1492 1052 1574 συστήσονται
1076 1487 1173 1554 πάλιν

158 1594 266 1682 ἕτεραι
295 1597 356 1662 δύο
385 1596 544 1675 ἐλλείψεις
573 1597 683 1681 ὅμοιαι
711 1597 882 1681 ἀλλήλαις,
910 1594 965 1661 καὶ
993 1605 1094 1661 τοῦτο
1124 1589 1170 1659 ἐπ’

159 1705 310 1789 ἀπειρον·
334 1704 413 1789 ὅπερ
438 1704 504 1768 ἔδει
528 1701 639 1782 δείξαι.

106 1918 139 1966 15
167 1954 171 1965 .
634 1923 696 1982 κη.

232 2013 300 2077 Τὸν
314 2010 458 2078 δοθέντα
476 2015 659 2100 κύλινδρον
677 2016 844 2098 σκαληνὸν
862 2013 883 2097 ι]
901 2025 1011 2079 κῶνον
1030 2012 1174 2078 δυνατόν

160 2118 251 2184 ἐστιν
278 2117 342 2184 ἀπὸ
370 2131 437 2184 τῶν
465 2119 702 2205 ἀντικειμένων
726 2133 835 2209 μερῶν
859 2121 1044 2207 ἀπειραχῶς
1066 2128 1172 2205 τεμείν

160 2223 259 2292 δυσίν
283 2225 450 2302 ἐπιπέδοις
472 2224 527 2291 καὶ
550 2241 658 2294 ποιεῖν
681 2228 841 2307 ἐλλείψεις
863 2228 986 2312 ὁμοίας.

228 2335 310 2399 ἐστω
334 2345 467 2420 πρῶτον
491 2332 543 2398 ἐπὶ
563 2344 622 2400 τοῦ
641 2337 823 2421 κυλίνδρου
843 2333 957 2418 δεῖξαι,
975 2333 1032 2399 καὶ
1050 2336 1170 2400 κείσθω

107 2441 180 2525 2οὴ
205 2441 288 2525 αὐτὴ
311 2443 506 2528 καταγραφὴ
530 2452 569 2528 τῇ
588 2445 761 2528 πρότερον,
783 2439 839 2507 καὶ
862 2452 902 2528 τῇ
919 2447 990 2506 ΑΔ
1014 2447 1069 2525 ίση
1093 2443 1170 2506 ἔστω

159 2547 291 2630 ηΔΗ·
321 2554 375 2632 ίση
404 2550 468 2635 ἀρα
495 2548 516 2631 ἡ
546 2553 609 2614 ΓΑ
636 2557 675 2634 τῇ
698 2552 775 2614 ΗΓ.
822 2547 891 2614 ἐπεὶ
917 2551 1035 2613 τοίνυν
1062 2549 1083 2632 ἡ
1111 2543 1170 2610 ἀπὸ

160 2662 220 2717 τοῦ
243 2660 276 2718 A
300 2651 353 2718 ἐπὶ
376 2655 438 2738 την
457 2658 517 2719 ΓΒ
541 2641 684 2740 ἀγομένη
709 2655 825 2721 εὐθεῖα
846 2658 966 2739 μείζων
989 2652 1080 2721 ἐστὶν
1103 2650 1170 2717 ἕκα-

160 2757 256 2843 τέρας
279 2769 346 2825 τῶν
364 2764 444 2844 ΑΓ,
465 2764 536 2826 ΓΗ
550 2760 605 2827 καὶ
627 2773 743 2828 πασῶν
761 2773 829 2828 τῶν
848 2762 910 2827 ἀπὸ
930 2770 990 2826 τοῦ
1010 2765 1043 2826 Γ
1056 2755 1169 2846 μεταξὺ

160 2875 228 2929 τῶν
246 2869 291 2949 Η,
310 2871 344 2930 A
367 2871 511 2951 σημείων
532 2880 735 2953 πιπτουσῶν,
758 2870 872 2953 δῆλον,
895 2869 949 2952 ὡς,
973 2867 1032 2933 ἐάν
1055 2866 1090 2932 ἐκ
1107 2874 1170 2930 τῶν

107 2991 142 3041 25
161 2970 397 3057 ἀντικειμένων
419 2985 529 3060 μερῶν
552 2975 725 3060 ἀγάγωμεν
749 2977 810 3040 δύο
834 2975 967 3051 εὐθείας
986 2979 1060 3051 ίσας
1078 2969 1168 3051 ἀλλή-

160 3085 243 3163 λαις,
266 3081 287 3164 η
311 3079 374 3146 ἀπὸ
397 3090 457 3146 τοῦ
477 3085 510 3147 Γ
523 3081 666 3166 ἀγομένη
685 3083 913 3168 ὑπερπεσείται
932 3081 968 3146 τὸ
988 3084 1032 3146 Η.
1065 3082 1166 3164 ἤχθω-

233 3236 256 3284 1.
277 3227 435 3302 ἐλλείψεως]
455 3229 535 3304 ἐλλεί]
558 3249 580 3286 ο.
660 3235 685 3285 4.
705 3231 781 3302 AN]
799 3233 860 3284 AN
875 3228 957 3299 ch,
981 3245 1050 3292 corr,
1071 3227 1166 3282 eomm.

197 3310 222 3360 6.
242 3305 355 3376 σνζνγῆ]
371 3303 472 3373 σνζυγῇ
487 3301 572 3374 ἑαυτῇ
590 3321 617 3372 p.
676 3308 700 3358 7.
720 3303 832 3373 σνζνγη]
848 3302 949 3370 συζνγῆ
964 3299 1050 3373 ἑαυτῇ
1068 3318 1094 3369 p.
1144 3298 1165 3346 8·

162 3391 230 3461 ὅπερ
246 3392 303 3447 ἔδει
317 3392 419 3463 δεῖξαι]
435 3407 488 3445 om.
498 3409 525 3460 p.
582 3380 724 3515 stffle.
782 3397 822 3444 10.
838 3387 975 3461 καί(ο1ί.)]
987 3406 1040 3444 om.
1050 3407 1077 3458 p.
1130 3388 1166 3437 11.

163 3462 334 3534 ἐκβάλωμεν]
358 3481 409 3532 ορ,
439 3461 613 3532 ἐκβάλλωμεν
659 3505 665 3517 .
765 3468 805 3516 13.
831 3461 933 3532 ἕτεραι]
952 3479 985 3531 p,
1015 3459 1101 3530 ἕτεροι
1118 3455 1166 3508 VC·
1237 3479 1238 3510 ι

201 3539 241 3586 14.
263 3533 330 3602 ὅπερ
351 3533 407 3590 ἔδει
426 3534 527 3602 δεῖξαι]
547 3548 600 3587 om.
619 3550 646 3600 p.
721 3539 762 3588 15.
781 3533 842 3605 κη’]
861 3549 896 3591 κς
914 3551 970 3602 mg.
989 3551 1026 3588 m.
1045 3548 1098 3586 rec.
1117 3526 1147 3580 V·
