2488 3938
403 875 528 948 ΠΕΡΙ
553 871 739 947 ΚΩΝΟΤ
765 872 960 947 ΤΟΜΗΣ.

247 1053 311 1132 Τῆς
334 1047 369 1113 έν
392 1060 461 1124 τοῖς
483 1049 602 1123 κώνοις
625 1055 738 1130 τομῆς,
762 1048 874 1131 ἄριστε
897 1048 1004 1131 Κῦρε,
1027 1046 1105 1111 ὅταν
1131 1045 1189 1108 διὰ

175 1165 233 1240 της
259 1163 409 1240 κορυφῆς
437 1153 548 1219 αὐτῶν
574 1157 720 1236 γίνηται,
747 1157 892 1239 τρίγωνα
919 1149 981 1237 μὲν
1003 1153 1189 1236 ὑφιστάσης

176 1262 213 1328 ἐν
243 1273 312 1337 τοῖς
343 1263 476 1343 κώνοις,
508 1265 662 1343 ποικίλην
691 1258 727 1325 δὲ
754 1258 810 1325 καὶ
836 1262 1014 1346 γλαφυρὰν
1040 1264 1190 1346 θεωρίαν

140 1383 157 1431 5
177 1367 315 1452 ἐχούσης
337 1366 392 1433 καὶ
414 1365 532 1452 μηδενί
554 1379 621 1433 τῶν
640 1368 704 1453 πρὸ
724 1368 826 1451 ἡμῶν,
846 1367 906 1432 ὅσα
924 1391 962 1449 γε
982 1364 1036 1452 ἐμὲ
1054 1365 1190 1447 είθέναι,

176 1478 484 1562 πραγματευθείσης
510 1471 603 1551 ἔδοξέ
627 1496 683 1558 μοι
711 1475 754 1557 μὴ
777 1479 885 1550 καλῶς
908 1477 995 1558 ἔχειν
1018 1473 1189 1560 ἀνεξέργα-

177 1599 257 1648 στον
281 1582 414 1666 ἀφεῖναι
437 1582 496 1646 τὸν
518 1584 621 1646 τόπον
644 1588 773 1663 τοῦτον,
797 1581 901 1645 εἰπεῖν
920 1577 956 1644 δὲ
975 1579 1050 1668 περὶ
1068 1581 1188 1658 αὐτῶν,

177 1691 238 1756 ὅσα
265 1713 302 1773 γε
330 1691 377 1765 είς
400 1687 481 1771 ἐμὴν
505 1686 641 1771 ἀφῖκται
663 1686 856 1768 κατάληψιν.
903 1688 1023 1770 σχεδὸν
1045 1684 1104 1772 μὲν
1127 1680 1189 1749 οὖν

176 1795 217 1861 τοί
248 1820 284 1879 γε
315 1799 416 1860 πλείω
449 1791 505 1858 καὶ
536 1792 725 1878 βαθυτέρας
758 1793 921 1857 δοκοῦντα
949 1794 1081 1859 δεῖσθαι
1108 1815 1185 1875 γεω-

124 1917 158 1964 10
176 1904 309 1988 μετρίας
340 1900 484 1985 ἡγοῦμαι
512 1902 612 1983 λόγου
643 1897 853 1983 τετυχηκέναι
881 1899 960 1986 παρ’
989 1899 1095 1984 ἡμῶν,
1129 1897 1188 1962 οὐκ

176 2007 218 2072 ἂν
242 2004 279 2072 δὲ
301 2008 520 2092 θαυμάσαιμι,
544 2009 575 2071 εί
594 2010 653 2071 καί
668 2030 699 2070 τι
722 2017 789 2070 τῶν
807 2006 1013 2091 ὀφειλόντων
1031 2012 1186 2092 λεχθῆναι

176 2117 342 2199 παρείκων
369 2114 514 2199 ὀφθείην
541 2114 596 2178 ἅτε
623 2123 752 2197 πρῶτος
780 2111 970 2196 ἐγχειρήσας
997 2124 1036 2199 τῇ
1063 2114 1187 2178 τούτων

175 2225 316 2308 θεωρίφ
341 2221 424 2286 ώστε
443 2221 529 2296 είκὸς
547 2218 567 2301 ἢ
586 2215 622 2283 σέ
641 2218 786 2284 καθέντα
805 2221 852 2296 είς
870 2219 932 2302 τὴν
949 2219 1054 2303 αὐτὴν
1073 2217 1185 2296 σκέψιν

177 2327 198 2412 ἣ
221 2339 288 2393 τῶν
311 2329 451 2413 ὕστερον
474 2323 716 2409 ἐντευξομένων
738 2327 813 2390 τινὰ
836 2325 1030 2411 ὁρμώμενον
1054 2323 1184 2391 ἐνθένδε

125 2449 159 2496 15
178 2437 215 2501 τὸ
238 2432 416 2522 παροφθὲν
439 2432 518 2518 ημῖν
541 2438 748 2518 προσθεῖναι.
794 2435 862 2496 έστι
886 2429 922 2496 δὲ
946 2431 966 2496 ἃ
990 2429 1045 2497 καὶ
1064 2431 1185 2503 ἑκόντες

178 2545 465 2627 παραλελοίπαμεν
492 2539 513 2622 ἢ
541 2540 597 2603 διὰ
624 2541 661 2604 τὸ
689 2536 792 2623 σαφὲς
819 2537 840 2621 ἢ
864 2538 980 2602 διὰτὸ
1003 2537 1183 2616 ἄλλοιςδε-

179 2649 324 2730 δεῖχθαι
349 2647 466 2710 αὐτίκα
488 2646 525 2710 τὸ
548 2642 609 2728 μὲν
633 2644 669 2709 έν
691 2643 790 2709 παντὶ
808 2646 904 2733 κώνφ
923 2648 1088 2729 τρίγωνον
1107 2639 1184 2710 εἶναι

178 2753 293 2836 τομην,
317 2753 348 2815 εί
370 2751 425 2815 διὰ
448 2759 506 2834 της
527 2760 678 2837 κορυφῆς
700 2754 855 2835 τμηθείη,
882 2751 998 2815 διὰτὸ
1021 2752 1182 2836 δεδεῖχθαι

179 2859 292 2933 ἄλλοις
311 2857 356 2933 ώς
374 2857 479 2934 οὕτως
497 2861 573 2941 ἔχον
591 2856 684 2941 ἡμεῖς
701 2857 1005 2943 παραλιμπώνομεν,
1019 2859 1075 2924 ἵνα
1088 2851 1182 2943 μηδὲν

125 2979 160 3027 20
179 2963 354 3049 ἀλλότριον
381 2974 451 3040 τοῖς
476 2961 537 3048 ὑφ’
561 2963 656 3048 ἡμῶν
683 2963 848 3050 εὑρεθεῖσι
877 2964 1136 3050 συντεταγμένον
1155 2953 1180 3045 ᾗ

179 3072 219 3136 τὰ
243 3067 277 3134 θ’
302 3069 552 3156 έπιπολαιότερα
575 3068 630 3135 καὶ
653 3082 722 3146 τοῖς
744 3075 879 3146 πολλοῖς
899 3071 1045 3153 εὔληπτα
1062 3077 1182 3158 γραφῆς

179 3178 241 3242 οὐκ
265 3175 458 3261 ἠξιώσαμεν,
482 3177 537 3241 ἵνα
560 3178 604 3260 μὴ
628 3187 694 3241 τῶν
717 3175 988 3260 ἐντυγχανόντων
1007 3180 1073 3267 τὴν
1090 3189 1179 3263 προο-

251 3421 378 3476 Titulum
397 3439 449 3477 om.
470 3421 528 3489 Vc,
552 3421 670 3490 οερήνον
689 3419 823 3485 ἀντινέως
842 3422 999 3492 φιλοσόφον
1018 3423 1081 3491 περὶ
1098 3421 1179 3476 κώνου

179 3499 266 3559 τομῆς
283 3509 310 3559 p.
390 3498 431 3546 11,
456 3490 646 3562 θαυμάσαιμι]
666 3491 845 3561 θαυμώσαιτό
864 3513 904 3556 τις
921 3512 948 3562 p.
1032 3499 1072 3547 12.
1094 3483 1179 3558 παρεί-
