<?xml version="1.0" encoding="UTF-8"?>
<!DOCTYPE html PUBLIC "-//W3C//DTD XHTML 1.0 Transitional//EN"
    "http://www.w3.org/TR/xhtml1/DTD/xhtml1-transitional.dtd">
<html xmlns="http://www.w3.org/1999/xhtml" xml:lang="en" lang="en">
 <head>
  <title>
</title>
<meta http-equiv="Content-Type" content="text/html;charset=utf-8" />
  <meta name='ocr-system' content='tesseract 3.04.00' />
  <meta name='ocr-capabilities' content='ocr_page ocr_carea ocr_par ocr_line ocrx_word'/>
</head>
<body>
  <div class='ocr_page' id='page_1' title='image "./sereniantinoens00heibgoog_0028.png"; bbox 0 0 2574 3934; ppageno 0'>
   <div class='ocr_carea' id='block_1_1' title="bbox 310 887 902 963">
    <p class='ocr_par' dir='ltr' id='par_1_1' title="bbox 310 887 902 963">
     <span class='ocr_line' id='line_1_1' title="bbox 310 887 902 963; baseline -0.002 -1"><span class='ocrx_word' id='word_1_1' title='bbox 310 890 373 962; x_wconf 83' lang='lat' dir='ltr'>DE</span> <span class='ocrx_word' id='word_1_2' title='bbox 403 889 634 963; x_wconf 73' lang='lat' dir='ltr'>suenone</span> <span class='ocrx_word' id='word_1_3' title='bbox 664 887 902 962; x_wconf 79' lang='lat' dir='ltr'>CYLINDRI.</span> 
     </span>
    </p>
   </div>
   <div class='ocr_carea' id='block_1_2' title="bbox 91 1063 1112 3280">
    <p class='ocr_par' dir='ltr' id='par_1_2' title="bbox 91 1063 1112 2429">
     <span class='ocr_line' id='line_1_2' title="bbox 166 1063 1108 1149; baseline -0.004 -18"><span class='ocrx_word' id='word_1_4' title='bbox 166 1065 249 1132; x_wconf 80' lang='lat' dir='ltr'>Cum</span> <span class='ocrx_word' id='word_1_5' title='bbox 273 1065 430 1149; x_wconf 77' lang='lat' dir='ltr'>uiderem,</span> <span class='ocrx_word' id='word_1_6' title='bbox 457 1063 539 1148; x_wconf 82' lang='lat' dir='ltr'>Cyre</span> <span class='ocrx_word' id='word_1_7' title='bbox 564 1064 678 1148; x_wconf 81' lang='lat' dir='ltr'><strong>amice,</strong></span> <span class='ocrx_word' id='word_1_8' title='bbox 702 1063 821 1128; x_wconf 86' lang='lat' dir='ltr'>multos</span> <span class='ocrx_word' id='word_1_9' title='bbox 845 1085 971 1148; x_wconf 89' lang='lat' dir='ltr'>eorum,</span> <span class='ocrx_word' id='word_1_10' title='bbox 995 1063 1108 1148; x_wconf 87' lang='lat' dir='ltr'>quiin</span> 
     </span>
     <span class='ocr_line' id='line_1_3' title="bbox 92 1169 1112 1260; baseline -0.004 -22"><span class='ocrx_word' id='word_1_11' title='bbox 92 1171 283 1260; x_wconf 75' lang='lat' dir='ltr'>geometria</span> <span class='ocrx_word' id='word_1_12' title='bbox 305 1174 520 1254; x_wconf 83' lang='lat' dir='ltr'>uersarentur,</span> <span class='ocrx_word' id='word_1_13' title='bbox 544 1169 720 1234; x_wconf 87' lang='lat' dir='ltr'>sectionem</span> <span class='ocrx_word' id='word_1_14' title='bbox 737 1173 956 1235; x_wconf 86' lang='lat' dir='ltr'>transuersam</span> <span class='ocrx_word' id='word_1_15' title='bbox 976 1169 1112 1254; x_wconf 82' lang='lat' dir='ltr'>cylindri</span> 
     </span>
     <span class='ocr_line' id='line_1_4' title="bbox 92 1276 1111 1361; baseline -0.003 -15"><span class='ocrx_word' id='word_1_16' title='bbox 92 1305 114 1346; x_wconf 86' lang='lat' dir='ltr'>a</span> <span class='ocrx_word' id='word_1_17' title='bbox 148 1278 294 1344; x_wconf 77' lang='lat' dir='ltr'>sectione</span> <span class='ocrx_word' id='word_1_18' title='bbox 318 1276 404 1361; x_wconf 82' lang='lat' dir='ltr'>coni,</span> <span class='ocrx_word' id='word_1_19' title='bbox 431 1298 512 1360; x_wconf 91' lang='lat' dir='ltr'>quae</span> <span class='ocrx_word' id='word_1_20' title='bbox 536 1276 658 1361; x_wconf 83' lang='lat' dir='ltr'>ellipsis</span> <span class='ocrx_word' id='word_1_21' title='bbox 682 1281 830 1359; x_wconf 84' lang='lat' dir='ltr'>uocatur,</span> <span class='ocrx_word' id='word_1_22' title='bbox 857 1277 1018 1342; x_wconf 87' lang='lat' dir='ltr'>diuersam</span> <span class='ocrx_word' id='word_1_23' title='bbox 1041 1299 1111 1343; x_wconf 89' lang='lat' dir='ltr'>esse</span> 
     </span>
     <span class='ocr_line' id='line_1_5' title="bbox 91 1383 1111 1471; baseline 0 -21"><span class='ocrx_word' id='word_1_24' title='bbox 91 1391 231 1471; x_wconf 83' lang='lat' dir='ltr'>putare,</span> <span class='ocrx_word' id='word_1_25' title='bbox 265 1383 373 1448; x_wconf 87' lang='lat' dir='ltr'>censui</span> <span class='ocrx_word' id='word_1_26' title='bbox 400 1405 466 1447; x_wconf 91' lang='lat' dir='ltr'>non</span> <span class='ocrx_word' id='word_1_27' title='bbox 494 1386 643 1466; x_wconf 83' lang='lat' dir='ltr'>oportere</span> <span class='ocrx_word' id='word_1_28' title='bbox 672 1404 726 1447; x_wconf 89' lang='lat' dir='ltr'>eos</span> <span class='ocrx_word' id='word_1_29' title='bbox 754 1383 789 1446; x_wconf 92' lang='lat' dir='ltr'>in</span> <span class='ocrx_word' id='word_1_30' title='bbox 815 1384 878 1448; x_wconf 90' lang='lat' dir='ltr'>hoc</span> <span class='ocrx_word' id='word_1_31' title='bbox 906 1406 1013 1448; x_wconf 90' lang='lat' dir='ltr'>errore</span> <span class='ocrx_word' id='word_1_32' title='bbox 1041 1407 1111 1450; x_wconf 90' lang='lat' dir='ltr'>esse</span> 
     </span>
     <span class='ocr_line' id='line_1_6' title="bbox 95 1488 1111 1575; baseline -0.002 -18"><span class='ocrx_word' id='word_1_33' title='bbox 95 1493 207 1557; x_wconf 89' lang='lat' dir='ltr'>sinere</span> <span class='ocrx_word' id='word_1_34' title='bbox 227 1496 260 1555; x_wconf 91' lang='lat' dir='ltr'>et</span> <span class='ocrx_word' id='word_1_35' title='bbox 276 1490 365 1575; x_wconf 88' lang='lat' dir='ltr'>ipsos</span> <span class='ocrx_word' id='word_1_36' title='bbox 385 1495 418 1553; x_wconf 92' lang='lat' dir='ltr'>et</span> <span class='ocrx_word' id='word_1_37' title='bbox 435 1489 551 1572; x_wconf 84' lang='lat' dir='ltr'>quibus</span> <span class='ocrx_word' id='word_1_38' title='bbox 566 1488 814 1574; x_wconf 83' lang='lat' dir='ltr'>persuasissent,</span> <span class='ocrx_word' id='word_1_39' title='bbox 831 1495 868 1553; x_wconf 92' lang='lat' dir='ltr'>ut</span> <span class='ocrx_word' id='word_1_40' title='bbox 882 1490 929 1554; x_wconf 93' lang='lat' dir='ltr'>ita</span> <span class='ocrx_word' id='word_1_41' title='bbox 944 1492 1111 1556; x_wconf 89' lang='lat' dir='ltr'>sentirent.</span> 
     </span>
     <span class='ocr_line' id='line_1_7' title="bbox 99 1594 1110 1683; baseline 0 -21"><span class='ocrx_word' id='word_1_42' title='bbox 99 1619 301 1683; x_wconf 90' lang='lat' dir='ltr'>quamquam</span> <span class='ocrx_word' id='word_1_43' title='bbox 312 1595 413 1661; x_wconf 91' lang='lat' dir='ltr'>cuiuis</span> <span class='ocrx_word' id='word_1_44' title='bbox 424 1595 599 1660; x_wconf 87' lang='lat' dir='ltr'>absurdum</span> <span class='ocrx_word' id='word_1_45' title='bbox 609 1594 712 1659; x_wconf 89' lang='lat' dir='ltr'>uideri</span> <span class='ocrx_word' id='word_1_46' title='bbox 721 1617 852 1660; x_wconf 89' lang='lat' dir='ltr'>necesse</span> <span class='ocrx_word' id='word_1_47' title='bbox 860 1601 918 1680; x_wconf 81' lang='lat' dir='ltr'>est,</span> <span class='ocrx_word' id='word_1_48' title='bbox 928 1601 1110 1680; x_wconf 87' lang='lat' dir='ltr'>geometras</span> 
     </span>
     <span class='ocr_line' id='line_1_8' title="bbox 96 1700 1110 1790; baseline -0.003 -21"><span class='ocrx_word' id='word_1_49' title='bbox 96 1706 138 1769; x_wconf 92' lang='lat' dir='ltr'>de</span> <span class='ocrx_word' id='word_1_50' title='bbox 151 1703 348 1790; x_wconf 85' lang='lat' dir='ltr'>geometrico</span> <span class='ocrx_word' id='word_1_51' title='bbox 358 1701 559 1787; x_wconf 75' lang='lat' dir='ltr'>problemate</span> <span class='ocrx_word' id='word_1_52' title='bbox 569 1700 744 1785; x_wconf 89' lang='lat' dir='ltr'>quidquam</span> <span class='ocrx_word' id='word_1_53' title='bbox 755 1701 823 1766; x_wconf 91' lang='lat' dir='ltr'>sine</span> <span class='ocrx_word' id='word_1_54' title='bbox 834 1701 1110 1766; x_wconf 82' lang='lat' dir='ltr'>demonstratione</span> 
     </span>
     <span class='ocr_line' id='line_1_9' title="bbox 97 1806 1111 1896; baseline -0.002 -22"><span class='ocrx_word' id='word_1_55' title='bbox 97 1806 925 1896; x_wconf 85' lang='lat' dir='ltr'>pronuntiaresimiliaqueuericonsectari‚idquoda</span> <span class='ocrx_word' id='word_1_56' title='bbox 932 1808 1111 1893; x_wconf 87' lang='lat' dir='ltr'>geometria</span> 
     </span>
     <span class='ocr_line' id='line_1_10' title="bbox 101 1913 1110 2000; baseline -0.004 -18"><span class='ocrx_word' id='word_1_57' title='bbox 101 1916 242 1982; x_wconf 85' lang='lat' dir='ltr'>maxime</span> <span class='ocrx_word' id='word_1_58' title='bbox 266 1915 447 1980; x_wconf 88' lang='lat' dir='ltr'>abhorreat.</span> <span class='ocrx_word' id='word_1_59' title='bbox 493 1914 548 1978; x_wconf 89' lang='lat' dir='ltr'>sed</span> <span class='ocrx_word' id='word_1_60' title='bbox 573 1913 728 1998; x_wconf 89' lang='lat' dir='ltr'>quidquid</span> <span class='ocrx_word' id='word_1_61' title='bbox 750 1914 783 1978; x_wconf 91' lang='lat' dir='ltr'>id</span> <span class='ocrx_word' id='word_1_62' title='bbox 807 1918 866 2000; x_wconf 85' lang='lat' dir='ltr'>est,</span> <span class='ocrx_word' id='word_1_63' title='bbox 890 1914 1042 1999; x_wconf 91' lang='lat' dir='ltr'>quoniam</span> <span class='ocrx_word' id='word_1_64' title='bbox 1061 1914 1110 1978; x_wconf 92' lang='lat' dir='ltr'>illi</span> 
     </span>
     <span class='ocr_line' id='line_1_11' title="bbox 100 2019 1110 2108; baseline -0.003 -20"><span class='ocrx_word' id='word_1_65' title='bbox 100 2025 150 2088; x_wconf 87' lang='lat' dir='ltr'>ita</span> <span class='ocrx_word' id='word_1_66' title='bbox 171 2021 323 2106; x_wconf 84' lang='lat' dir='ltr'>sentiunt,</span> <span class='ocrx_word' id='word_1_67' title='bbox 345 2042 406 2085; x_wconf 90' lang='lat' dir='ltr'>nos</span> <span class='ocrx_word' id='word_1_68' title='bbox 423 2041 501 2085; x_wconf 87' lang='lat' dir='ltr'>uero</span> <span class='ocrx_word' id='word_1_69' title='bbox 520 2042 586 2084; x_wconf 92' lang='lat' dir='ltr'>non</span> <span class='ocrx_word' id='word_1_70' title='bbox 605 2019 813 2105; x_wconf 82' lang='lat' dir='ltr'>adsentimur‚</span> <span class='ocrx_word' id='word_1_71' title='bbox 835 2043 895 2106; x_wconf 85' lang='lat' dir='ltr'>age</span> <span class='ocrx_word' id='word_1_72' title='bbox 916 2021 1110 2108; x_wconf 83' lang='lat' dir='ltr'>geometrice</span> 
     </span>
     <span class='ocr_line' id='line_1_12' title="bbox 102 2127 1110 2213; baseline -0.003 -18"><span class='ocrx_word' id='word_1_73' title='bbox 102 2131 361 2195; x_wconf 72' lang='lat' dir='ltr'>demonstremus</span> <span class='ocrx_word' id='word_1_74' title='bbox 394 2149 523 2192; x_wconf 87' lang='lat' dir='ltr'>necesse</span> <span class='ocrx_word' id='word_1_75' title='bbox 556 2148 626 2190; x_wconf 89' lang='lat' dir='ltr'>esse</span> <span class='ocrx_word' id='word_1_76' title='bbox 655 2127 831 2192; x_wconf 80' lang='lat' dir='ltr'>sectionem</span> <span class='ocrx_word' id='word_1_77' title='bbox 863 2149 979 2213; x_wconf 83' lang='lat' dir='ltr'>genere</span> <span class='ocrx_word' id='word_1_78' title='bbox 1012 2150 1110 2192; x_wconf 92' lang='lat' dir='ltr'>unam</span> 
     </span>
     <span class='ocr_line' id='line_1_13' title="bbox 102 2233 1109 2318; baseline -0.003 -17"><span class='ocrx_word' id='word_1_79' title='bbox 102 2235 301 2318; x_wconf 87' lang='lat' dir='ltr'>eandemque</span> <span class='ocrx_word' id='word_1_80' title='bbox 321 2255 390 2298; x_wconf 88' lang='lat' dir='ltr'>esse</span> <span class='ocrx_word' id='word_1_81' title='bbox 407 2233 443 2296; x_wconf 92' lang='lat' dir='ltr'>in</span> <span class='ocrx_word' id='word_1_82' title='bbox 461 2237 599 2316; x_wconf 91' lang='lat' dir='ltr'>utraque</span> <span class='ocrx_word' id='word_1_83' title='bbox 618 2233 732 2318; x_wconf 80' lang='lat' dir='ltr'>figura,</span> <span class='ocrx_word' id='word_1_84' title='bbox 755 2254 837 2297; x_wconf 90' lang='lat' dir='ltr'>cono</span> <span class='ocrx_word' id='word_1_85' title='bbox 857 2233 927 2299; x_wconf 92' lang='lat' dir='ltr'>dico</span> <span class='ocrx_word' id='word_1_86' title='bbox 948 2234 1109 2318; x_wconf 88' lang='lat' dir='ltr'>cylindro-</span> 
     </span>
     <span class='ocr_line' id='line_1_14' title="bbox 105 2339 1109 2429; baseline -0.002 -22"><span class='ocrx_word' id='word_1_87' title='bbox 105 2365 177 2429; x_wconf 85' lang='lat' dir='ltr'>que‚</span> <span class='ocrx_word' id='word_1_88' title='bbox 195 2341 251 2406; x_wconf 87' lang='lat' dir='ltr'>sed</span> <span class='ocrx_word' id='word_1_89' title='bbox 270 2344 358 2405; x_wconf 82' lang='lat' dir='ltr'>certo</span> <span class='ocrx_word' id='word_1_90' title='bbox 378 2340 517 2423; x_wconf 90' lang='lat' dir='ltr'>quodam</span> <span class='ocrx_word' id='word_1_91' title='bbox 536 2339 641 2418; x_wconf 84' lang='lat' dir='ltr'>mode,</span> <span class='ocrx_word' id='word_1_92' title='bbox 659 2361 725 2403; x_wconf 90' lang='lat' dir='ltr'>non</span> <span class='ocrx_word' id='word_1_93' title='bbox 745 2341 985 2424; x_wconf 89' lang='lat' dir='ltr'>quoquomodo</span> <span class='ocrx_word' id='word_1_94' title='bbox 1002 2340 1109 2406; x_wconf 90' lang='lat' dir='ltr'>sectis.</span> 
     </span>
    </p>

    <p class='ocr_par' dir='ltr' id='par_1_3' title="bbox 102 2445 1111 3280">
     <span class='ocr_line' id='line_1_15' title="bbox 168 2445 1108 2534; baseline -0.002 -22"><span class='ocrx_word' id='word_1_95' title='bbox 168 2448 253 2513; x_wconf 88' lang='lat' dir='ltr'>sient</span> <span class='ocrx_word' id='word_1_96' title='bbox 299 2451 407 2511; x_wconf 91' lang='lat' dir='ltr'>autem</span> <span class='ocrx_word' id='word_1_97' title='bbox 452 2450 600 2528; x_wconf 83' lang='lat' dir='ltr'>ueterum</span> <span class='ocrx_word' id='word_1_98' title='bbox 646 2445 701 2529; x_wconf 91' lang='lat' dir='ltr'>qui</span> <span class='ocrx_word' id='word_1_99' title='bbox 748 2446 860 2511; x_wconf 88' lang='lat' dir='ltr'>conica</span> <span class='ocrx_word' id='word_1_100' title='bbox 901 2446 1108 2534; x_wconf 80' lang='lat' dir='ltr'>seripserunt,</span> 
     </span>
     <span class='ocr_line' id='line_1_16' title="bbox 102 2551 1110 2638; baseline -0.002 -17"><span class='ocrx_word' id='word_1_101' title='bbox 102 2553 267 2621; x_wconf 90' lang='lat' dir='ltr'>communi</span> <span class='ocrx_word' id='word_1_102' title='bbox 325 2553 457 2618; x_wconf 91' lang='lat' dir='ltr'>notione</span> <span class='ocrx_word' id='word_1_103' title='bbox 513 2551 587 2617; x_wconf 89' lang='lat' dir='ltr'>coni</span> <span class='ocrx_word' id='word_1_104' title='bbox 637 2573 704 2616; x_wconf 91' lang='lat' dir='ltr'>non</span> <span class='ocrx_word' id='word_1_105' title='bbox 753 2556 933 2638; x_wconf 87' lang='lat' dir='ltr'>steterunt,</span> <span class='ocrx_word' id='word_1_106' title='bbox 992 2575 1110 2619; x_wconf 91' lang='lat' dir='ltr'>conum</span> 
     </span>
     <span class='ocr_line' id='line_1_17' title="bbox 103 2658 1108 2746; baseline -0.001 -19"><span class='ocrx_word' id='word_1_107' title='bbox 103 2661 179 2727; x_wconf 83' lang='lat' dir='ltr'>oriri</span> <span class='ocrx_word' id='word_1_108' title='bbox 224 2660 389 2746; x_wconf 83' lang='lat' dir='ltr'>triangulo</span> <span class='ocrx_word' id='word_1_109' title='bbox 435 2659 623 2745; x_wconf 84' lang='lat' dir='ltr'>rectangulo</span> <span class='ocrx_word' id='word_1_110' title='bbox 670 2658 866 2724; x_wconf 88' lang='lat' dir='ltr'>circumacto</span> <span class='ocrx_word' id='word_1_111' title='bbox 913 2659 1018 2745; x_wconf 83' lang='lat' dir='ltr'>[Eucl.</span> <span class='ocrx_word' id='word_1_112' title='bbox 1060 2660 1108 2726; x_wconf 88' lang='lat' dir='ltr'>XI</span> 
     </span>
     <span class='ocr_line' id='line_1_18' title="bbox 103 2765 1111 2852; baseline 0.001 -20"><span class='ocrx_word' id='word_1_113' title='bbox 103 2767 164 2833; x_wconf 82' lang='lat' dir='ltr'>def.</span> <span class='ocrx_word' id='word_1_114' title='bbox 188 2767 253 2852; x_wconf 85' lang='lat'><em>18],</em></span> <span class='ocrx_word' id='word_1_115' title='bbox 271 2767 327 2830; x_wconf 91' lang='lat' dir='ltr'>sed</span> <span class='ocrx_word' id='word_1_116' title='bbox 345 2765 565 2831; x_wconf 91' lang='lat' dir='ltr'>definitionem</span> <span class='ocrx_word' id='word_1_117' title='bbox 585 2765 774 2849; x_wconf 90' lang='lat' dir='ltr'>ampliorem</span> <span class='ocrx_word' id='word_1_118' title='bbox 793 2770 826 2830; x_wconf 94' lang='lat' dir='ltr'>et</span> <span class='ocrx_word' id='word_1_119' title='bbox 844 2766 1111 2833; x_wconf 87' lang='lat' dir='ltr'>uniuersaliorem</span> 
     </span>
     <span class='ocr_line' id='line_1_19' title="bbox 104 2873 1111 2959; baseline -0.001 -20"><span class='ocrx_word' id='word_1_120' title='bbox 104 2873 369 2959; x_wconf 83' lang='lat' dir='ltr'>excogitauerunt</span> <span class='ocrx_word' id='word_1_121' title='bbox 406 2894 504 2937; x_wconf 89' lang='lat' dir='ltr'>conos</span> <span class='ocrx_word' id='word_1_122' title='bbox 539 2894 606 2936; x_wconf 92' lang='lat' dir='ltr'>non</span> <span class='ocrx_word' id='word_1_123' title='bbox 637 2877 744 2937; x_wconf 85' lang='lat' dir='ltr'>rectos</span> <span class='ocrx_word' id='word_1_124' title='bbox 776 2873 886 2956; x_wconf 89' lang='lat' dir='ltr'>modo,</span> <span class='ocrx_word' id='word_1_125' title='bbox 924 2875 979 2939; x_wconf 91' lang='lat' dir='ltr'>sed</span> <span class='ocrx_word' id='word_1_126' title='bbox 1012 2875 1111 2940; x_wconf 88' lang='lat' dir='ltr'>etiam</span> 
     </span>
     <span class='ocr_line' id='line_1_20' title="bbox 105 2978 1110 3065; baseline 0 -19"><span class='ocrx_word' id='word_1_127' title='bbox 105 2980 252 3064; x_wconf 90' lang='lat' dir='ltr'>obliquos</span> <span class='ocrx_word' id='word_1_128' title='bbox 281 2983 498 3065; x_wconf 86' lang='lat' dir='ltr'>supponentes</span> <span class='ocrx_word' id='word_1_129' title='bbox 527 2978 692 3063; x_wconf 84' lang='lat' dir='ltr'>[Apellen.</span> <span class='ocrx_word' id='word_1_130' title='bbox 717 3001 785 3043; x_wconf 90' lang='lat' dir='ltr'>con.</span> <span class='ocrx_word' id='word_1_131' title='bbox 809 2981 823 3044; x_wconf 92' lang='grc' dir='ltr'><strong>Ι</strong></span> <span class='ocrx_word' id='word_1_132' title='bbox 847 3004 876 3065; x_wconf 91' lang='lat' dir='ltr'>p.</span> <span class='ocrx_word' id='word_1_133' title='bbox 898 2980 946 3064; x_wconf 86' lang='lat'>6]‚</span> <span class='ocrx_word' id='word_1_134' title='bbox 975 2981 1024 3046; x_wconf 90' lang='lat' dir='ltr'>ita</span> <span class='ocrx_word' id='word_1_135' title='bbox 1050 3003 1110 3046; x_wconf 92' lang='lat' dir='ltr'>nos</span> 
     </span>
     <span class='ocr_line' id='line_1_21' title="bbox 105 3085 1110 3174; baseline -0.002 -22"><span class='ocrx_word' id='word_1_136' title='bbox 105 3109 238 3174; x_wconf 83' lang='lat' dir='ltr'>quoque,</span> <span class='ocrx_word' id='word_1_137' title='bbox 252 3086 406 3170; x_wconf 91' lang='lat' dir='ltr'>quoniam</span> <span class='ocrx_word' id='word_1_138' title='bbox 418 3085 624 3171; x_wconf 87' lang='lat' dir='ltr'>propositum</span> <span class='ocrx_word' id='word_1_139' title='bbox 639 3090 699 3170; x_wconf 84' lang='lat' dir='ltr'>est,</span> <span class='ocrx_word' id='word_1_140' title='bbox 711 3090 748 3150; x_wconf 91' lang='lat' dir='ltr'>ut</span> <span class='ocrx_word' id='word_1_141' title='bbox 762 3086 800 3150; x_wconf 90' lang='lat' dir='ltr'>de</span> <span class='ocrx_word' id='word_1_142' title='bbox 816 3086 952 3170; x_wconf 87' lang='lat' dir='ltr'>cylindri</span> <span class='ocrx_word' id='word_1_143' title='bbox 968 3088 1110 3152; x_wconf 88' lang='lat' dir='ltr'>sectione</span> 
     </span>
     <span class='ocr_line' id='line_1_22' title="bbox 107 3192 1110 3280; baseline -0.002 -22"><span class='ocrx_word' id='word_1_144' title='bbox 107 3216 304 3280; x_wconf 80' lang='lat' dir='ltr'>quaeramus,</span> <span class='ocrx_word' id='word_1_145' title='bbox 321 3215 387 3257; x_wconf 87' lang='lat' dir='ltr'>non</span> <span class='ocrx_word' id='word_1_146' title='bbox 405 3197 530 3257; x_wconf 87' lang='lat' dir='ltr'>rectum</span> <span class='ocrx_word' id='word_1_147' title='bbox 550 3192 655 3256; x_wconf 90' lang='lat' dir='ltr'>solum</span> <span class='ocrx_word' id='word_1_148' title='bbox 670 3193 842 3278; x_wconf 83' lang='lat' dir='ltr'>seligentes</span> <span class='ocrx_word' id='word_1_149' title='bbox 856 3193 891 3258; x_wconf 94' lang='lat' dir='ltr'>in</span> <span class='ocrx_word' id='word_1_150' title='bbox 906 3215 943 3258; x_wconf 90' lang='lat' dir='ltr'>eo</span> <span class='ocrx_word' id='word_1_151' title='bbox 959 3215 1110 3278; x_wconf 90' lang='lat' dir='ltr'>quaerere</span> 
     </span>
    </p>
   </div>
   <div class='ocr_carea' id='block_1_3' title="bbox 108 3423 1108 3529">
    <p class='ocr_par' dir='ltr' id='par_1_4' title="bbox 108 3423 1108 3529">
     <span class='ocr_line' id='line_1_23' title="bbox 108 3423 1108 3529; baseline -0.005 -14"><span class='ocrx_word' id='word_1_152' title='bbox 108 3457 200 3529; x_wconf 81' lang='grc' dir='ltr'><em>ὁμοίως</em></span> <span class='ocrx_word' id='word_1_153' title='bbox 214 3461 296 3524; x_wconf 83' lang='lat' dir='ltr'>ch;</span> <span class='ocrx_word' id='word_1_154' title='bbox 315 3463 333 3526; x_wconf 87' lang='lat'>†</span> <span class='ocrx_word' id='word_1_155' title='bbox 352 3461 381 3512; x_wconf 88' lang='lat' dir='ltr'>et</span> <span class='ocrx_word' id='word_1_156' title='bbox 398 3457 429 3511; x_wconf 92' lang='lat' dir='ltr'>in</span> <span class='ocrx_word' id='word_1_157' title='bbox 442 3476 496 3528; x_wconf 83' lang='lat' dir='ltr'>mg.</span> <span class='ocrx_word' id='word_1_158' title='bbox 513 3423 571 3526; x_wconf 78' lang='lat' dir='ltr'>ui†</span> <span class='ocrx_word' id='word_1_159' title='bbox 589 3459 658 3526; x_wconf 89' lang='lat' dir='ltr'>puto</span> <span class='ocrx_word' id='word_1_160' title='bbox 674 3455 746 3526; x_wconf 82' lang='grc' dir='ltr'><em>ὅμως</em></span> <span class='ocrx_word' id='word_1_161' title='bbox 759 3475 795 3511; x_wconf 93' lang='lat' dir='ltr'>m.</span> <span class='ocrx_word' id='word_1_162' title='bbox 810 3474 863 3511; x_wconf 88' lang='lat' dir='ltr'>ree.</span> <span class='ocrx_word' id='word_1_163' title='bbox 874 3457 907 3510; x_wconf 87' lang='lat' dir='ltr'>V.</span> <span class='ocrx_word' id='word_1_164' title='bbox 955 3461 1005 3509; x_wconf 91' lang='lat'>.18.</span> <span class='ocrx_word' id='word_1_165' title='bbox 1021 3456 1108 3524; x_wconf 74' lang='grc' dir='ltr'><em>ὀρθο-</em></span> 
     </span>
    </p>
   </div>
   <div class='ocr_carea' id='block_1_4' title="bbox 109 3542 950 3698">
    <p class='ocr_par' dir='ltr' id='par_1_5' title="bbox 109 3542 950 3698">
     <span class='ocr_line' id='line_1_24' title="bbox 109 3542 680 3638; baseline -0.011 -17"><span class='ocrx_word' id='word_1_166' title='bbox 109 3565 216 3637; x_wconf 74' lang='grc' dir='ltr'>γωνίου]</span> <span class='ocrx_word' id='word_1_167' title='bbox 236 3584 264 3634; x_wconf 86' lang='lat' dir='ltr'>p,</span> <span class='ocrx_word' id='word_1_168' title='bbox 285 3566 437 3638; x_wconf 78' lang='grc' dir='ltr'><strong><em>ὀρθογώνῳ</em></strong></span> <span class='ocrx_word' id='word_1_169' title='bbox 456 3565 489 3634; x_wconf 85' lang='lat' dir='ltr'>V,</span> <span class='ocrx_word' id='word_1_170' title='bbox 509 3542 640 3633; x_wconf 72' lang='lat' dir='ltr'>dodoyotii</span> <span class='ocrx_word' id='word_1_171' title='bbox 658 3579 680 3615; x_wconf 91' lang='lat' dir='ltr'>c.</span> 
     </span>
     <span class='ocr_line' id='line_1_25' title="bbox 917 3648 950 3698; baseline 0 -22"><span class='ocrx_word' id='word_1_172' title='bbox 917 3652 930 3698; x_wconf 72' lang='lat'>1</span> <span class='ocrx_word' id='word_1_173' title='bbox 938 3648 950 3676; x_wconf 63' lang='lat' dir='ltr'>dt</span> 
     </span>
    </p>
   </div>
   <div class='ocr_carea' id='block_1_5' title="bbox 0 0 1298 3934">
    <p class='ocr_par' dir='ltr' id='par_1_6' title="bbox 0 0 1298 3934">
     <span class='ocr_line' id='line_1_26' title="bbox 0 0 1298 3934; baseline 0 0"><span class='ocrx_word' id='word_1_174' title='bbox 0 0 1298 3934; x_wconf 95' lang='lat' dir='ltr'> </span> 
     </span>
    </p>
   </div>
  </div>
 </body>
</html>
