2488 3938
360 164 410 213 uu
429 163 605 215 suemouu
624 163 801 246 sumnum.
1022 162 1084 225 111

87 305 167 386 quod
187 305 256 369 fieri
279 327 346 370 non
368 311 492 390 polest3
515 307 744 391 supposuimus
768 307 866 391 enim,
891 329 960 372 esse

361 417 801 478 MA:AK=MA:AK.

87 539 158 603 ergo
178 523 254 582 ΛΗ
272 519 431 604 producta
452 541 511 604 per
532 520 658 585 nullum
681 520 768 584 aliud
790 524 950 604 punctum
975 521 1085 585 uenies

86 645 174 706 quam
195 632 242 704 A;
265 627 352 710 quod
375 629 445 690 erat
467 627 761 692 demonstrandum.

513 833 645 903 XXXII.

144 961 262 1028 Rectus
291 964 331 1028 ab
359 964 471 1029 eodem
497 969 619 1048 puncto
648 964 850 1048 superficiem
876 963 1021 1028 conicum
1044 985 1083 1026 ex

85 1071 211 1154 utraque
243 1074 335 1154 parte
369 1070 593 1155 contingentes
627 1092 737 1136 omnes
769 1093 827 1155 per
857 1071 959 1135 latera
987 1070 1083 1134 unius

86 1175 231 1261 trianguli
255 1176 456 1262 contingunt.
505 1161 506 1165 Ἰ

145 1282 186 1346 sil
205 1303 315 1369 conus,
333 1284 423 1348 euius
440 1284 528 1348 basis
544 1284 587 1348 sit
602 1284 740 1349 circulus
755 1285 876 1348 circum
890 1290 922 1348 A
937 1287 1082 1348 centrum

87 1385 270 1474 deseriplus,
306 1395 418 1455 uertex
455 1394 564 1455 autem
599 1395 756 1475 punctum
788 1394 832 1474 B,
869 1391 937 1454 axis
974 1395 1082 1454 aulem

86 1498 165 1558 recia
186 1500 267 1580 AB,
295 1500 328 1560 et
356 1501 485 1581 sumpio
514 1502 605 1562 extra
633 1519 750 1562 conum
777 1501 897 1580 puncto
922 1496 1030 1580 aliquo
1056 1498 1088 1559 Γ

87 1619 103 1660 a
128 1603 157 1663 Γ
182 1602 340 1666 ducantur
370 1607 476 1667 rectae
506 1605 584 1686 ΓΛ,
618 1605 682 1667 ΓΕ
711 1601 913 1686 superficiem
942 1601 1015 1666 euni
1044 1622 1082 1664 ex

88 1705 188 1771 eadem
210 1713 304 1792 parte
328 1709 562 1795 contingentes.
608 1709 689 1795 dieo,
711 1713 832 1794 puneta
856 1711 1023 1773 contaetus
1043 1711 1082 1790 E,

85 1817 115 1874 A
135 1813 167 1876 in
186 1837 251 1879 una
273 1820 362 1880 reeta
384 1837 463 1880 esse.

145 1920 277 1986 dueatur
305 1945 323 1986 a
349 1926 470 2006 puncto
498 1926 530 1987 Γ
552 1923 592 1986 ad
615 1928 681 1987 AB
708 1921 981 2008 perpendicularis
1008 1923 1082 2003 ΓΖ,

86 2028 115 2086 el
135 2048 187 2110 per
205 2030 266 2091 ΓΖ
288 2028 421 2126 planum
440 2029 576 2094 ducatur
593 2029 691 2113 plano
711 2029 823 2094 circuli
842 2035 874 2093 A
892 2028 1082 2112 parallelum

71 3391 257 3479 ¹efficiatque
298 3393 332 3457 in
371 3414 452 3458 cono
490 3391 665 3457 sectionem
703 3391 857 3455 circulum
895 3390 1015 3454 circum
1053 3396 1081 3455 Z

87 3505 221 3566 centrum
244 3499 451 3584 descriptum,
473 3500 520 3562 iia
542 3503 579 3563 ui
603 3519 702 3562 conus
727 3497 855 3581 existat,
878 3497 968 3561 euius
991 3498 1079 3562 basis
