2488 3938
158 147 201 212 82
428 140 516 198 ΠΕΡΙ
534 145 749 196 ΚΤΛΙΝΔΡΟΤ
767 145 902 198 ΤΟΜΗΣ.

158 297 226 356 ΕΛ
253 292 336 376 πρὸς
363 291 399 354 τὸ
423 288 487 354 ιἰπὸ
510 297 568 372 τῆς
590 292 670 372 ΒΚ,
698 285 847 353 τουτέστι
875 291 911 354 τὸ
937 289 1001 354 ἀπὸ
1025 299 1082 373 τῆς
1105 290 1170 354 δια-

159 396 280 484 μέτρου
303 405 361 480 τῆς
384 405 443 460 τοῦ
466 397 649 481 κυλίνδρου
673 394 846 473 ἐλλείψεως
868 405 926 480 τῆς
946 401 1013 461 ΕΔ
1031 397 1114 484 πρὸς
1136 397 1168 460 τὸ

159 503 223 570 ἀπὸ
251 511 309 587 τῆς
336 506 498 586 συζυγοῦς
520 499 713 588 διαμέτρου,
742 503 786 579 ώς
810 499 846 567 δὲ
869 506 906 567 τὸ
930 503 994 568 ἀπὸ
1018 511 1075 586 τῆς
1098 506 1169 568 ΜΛ

158 612 242 697 πρὸς
267 612 304 676 τὸ
332 610 398 676 ὑπὸ
425 619 492 674 τών
518 612 599 692 ΒΛ,
624 612 706 692 ΛΚ,
733 609 839 685 οὕτως
866 611 902 674 τὸ
931 609 995 675 ἀπὸ
1023 619 1081 693 τῆς
1103 611 1169 674 δια»

125 716 280 804 σμέτρον
312 725 370 800 τῆς
401 725 461 780 τοῦ
493 716 603 781 κώνου
637 715 810 793 ἐλλείψεως
842 717 925 802 πρὸς
956 717 994 781 τὸ
1024 716 1089 781 ἀπὸ
1117 725 1171 798 τῆς

161 827 323 907 συζυγοῦς
341 822 529 908 διαμέτρου.
561 819 615 886 καλ
635 822 679 899 ὡς
698 822 817 908 ἄρατὸ
837 822 900 888 αἰπὸ
919 831 977 907 τῆς
995 822 1169 909 διαμέτρου
1232 831 1233 834 ’

160 940 218 1015 τῆς
245 939 305 995 τοῦ
332 931 515 1015 κυλίνδρου
544 928 718 1007 ἐλλείψεως
744 930 827 1015 πρὸς
850 931 886 994 τὸ
911 929 974 995 αἰπὸ
997 938 1057 1013 τῆς
1080 933 1137 1008 συξ
1157 969 1170 977 -

160 1047 241 1121 νοῦς
264 1034 453 1121 διαμέτρου,
476 1035 582 1112 οὕτως
604 1037 641 1100 τὸ
666 1035 729 1100 ἀπὸ
753 1045 811 1119 τῆς
834 1035 1011 1123 διαμέτρου
1035 1045 1095 1120 τῆς
1116 1043 1169 1101 τοῦ
1232 1065 1233 1072 ¹

160 1145 272 1208 κώνου
295 1141 470 1220 ἐλλείψεως
491 1143 574 1228 πρὸς
592 1143 628 1206 τὸ
649 1141 712 1207 ἀπὸ
731 1151 789 1225 τῆς
807 1145 969 1226 συζυγοῦς
987 1142 1170 1230 διαμέτρου.
1233 1205 1234 1212 ,

109 1265 143 1314 10
161 1247 216 1314 καλ
240 1248 285 1323 ὡς
307 1249 372 1333 ίίρα
395 1249 415 1332 ἡ
439 1248 614 1334 διάμετρος
636 1256 694 1332 τῆς
717 1247 891 1327 ἐλλείψεώς
913 1258 973 1314 τοῦ
992 1250 1170 1336 κυλίνδρου

161 1359 244 1443 πρὸς
270 1357 331 1440 τὴν
361 1359 485 1438 συζυνῆ
515 1355 704 1441 διάμετρον,
734 1355 840 1432 οὕτως
867 1355 887 1438 ἡ
917 1355 1093 1443 διώμετρος
1119 1365 1171 1437 τῆς

161 1472 221 1528 τοῦ
244 1464 354 1528 κώνου
379 1462 553 1540 ἐλλείψεως
574 1463 658 1547 πρὸς
676 1462 736 1545 τὴν
755 1463 878 1546 συζυνῆ
898 1463 1084 1549 διάμετρον.
1121 1466 1172 1528 καί

162 1574 246 1637 εἰσιν
278 1571 316 1635 αί
345 1570 496 1655 δεύτεραι
529 1568 699 1653 διάμετροι
730 1569 813 1654 πρὸς
845 1574 918 1646 ίσας
950 1573 1073 1652 γωνίας
1106 1581 1170 1644 ταῖς

162 1677 361 1764 διαμέτροις·
391 1676 574 1761 ἀμφότεραι
597 1676 660 1761 γὰρ
684 1675 891 1761 παράλληλοί
912 1678 975 1741 είσι
999 1689 1071 1753 ταῖς
1093 1677 1170 1762 πρὸς

110 1797 143 1846 15
162 1787 269 1872 ὀρθὰς
292 1793 331 1869 τῇ
354 1787 428 1847 ΒΗ
446 1792 486 1868 τῇ
511 1787 573 1846 ZO
596 1778 651 1846 καλ
674 1791 714 1867 τῇ
736 1785 815 1847 ΛΠ.
850 1781 959 1869 ἡίίρα
982 1792 1042 1848 τοῦ
1064 1786 1169 1849 κώνου

162 1896 305 1969 ἔλλειψις
337 1890 434 1974 ὁμοία
466 1885 534 1953 ε’στλ
566 1897 606 1974 τῇ
633 1896 693 1952 τοῦ
721 1890 903 1974 κυλίνδρου
931 1889 1087 1976 ἐλλείψει,
1120 1887 1169 1954 καλ

161 1997 298 2082 γέγονεν
320 1996 385 2061 ὑπὸ
408 2003 468 2060 τοῦ
487 1995 592 2059 αὐτοῦ
611 1992 779 2080 ἐπιπέδου,
797 1993 852 2060 καλ
871 1994 1013 2080 συνέστη
1033 1998 1050 2064 ὁ
1069 2009 1169 2072 κῶνος

163 2103 216 2170 ἐπὶ
242 2111 300 2188 τῆς
326 2102 428 2185 αὐτῆς
454 2101 580 2185 βάσεως
607 2112 652 2189 τῷ
675 2102 842 2190 κυλίνδρῳ
866 2100 920 2167 καλ
944 2103 1009 2169 ὑπὸ
1033 2105 1070 2170 τὸ
1094 2105 1168 2170 αὐτὸ

161 2211 260 2290 ὕψος·
285 2211 366 2295 ἅπερ
390 2202 432 2292 ἦν
454 2209 495 2272 τδι
518 2206 743 2292 ἐπιταχθέντα.

109 2419 144 2470 20
640 2403 698 2483 κζ’.

235 2533 300 2597 Τὸν
315 2528 460 2596 δοθέντα
477 2530 659 2615 κύλινδρον
677 2527 698 2610 ἢ
715 2538 826 2594 κῶνον
845 2531 1011 2612 σκαληνὸν
1031 2533 1168 2597 δυνατόν

163 2637 253 2703 ἐστιν
281 2638 344 2703 ἀπὸ
372 2644 432 2701 τοῦ
461 2633 573 2721 ἑτέρου
595 2634 717 2721 μέρους
740 2634 923 2720 ἀπειραχῶς
945 2649 1054 2722 τεμεῖν
1077 2636 1169 2704 δυσλν
1236 2695 1237 2712 ,

164 2742 330 2819 ἐπιπέδοις
361 2744 405 2828 μὴ
438 2745 654 2830 παραλλήλους
686 2737 746 2825 μὲν
773 2740 944 2826 κειμένοις,
976 2754 1109 2811 ποιοῦσι
1135 2740 1166 2808 δέ

164 2849 279 2934 δμοίας
303 2849 469 2928 ἐλλείψεις.

111 2971 145 3020 25
233 2959 315 3022 ἔστω
338 2967 471 3043 πρώτον
493 2956 511 3022 ὁ
536 2953 650 3032 δοθεὶς
672 2956 850 3041 κύλινδρος
874 2960 1051 3042 σκαληνός,
1074 2953 1112 3023 οὗ
1133 2957 1165 3020 τὸ
1236 3015 1237 3048 ρ

165 3066 223 3130 διδι
243 3074 303 3131 τοῦ
327 3061 443 3142 ἄξονος
464 3065 808 3152 παραλληλόγραμμον
828 3063 865 3127 τὸ
885 3067 949 3127 ΑΒ
968 3066 1052 3151 πρὸς
1069 3063 1166 3151 ὀρθὰς

164 3173 205 3238 δν
227 3183 267 3258 τῇ
290 3172 384 3256 βάσει
406 3179 465 3234 τοῦ
488 3171 681 3255 κυλίνδρου,
704 3168 760 3233 καὶ
781 3169 971 3235 ὑποκείσθω
990 3171 1011 3255 ἡ
1030 3173 1108 3257 πρὸς
1125 3177 1164 3256 τῷ

165 3285 197 3342 Α
220 3282 306 3361 νυνί
345 3275 445 3360 ὀξεῖα,
467 3276 523 3341 καὶ
546 3277 602 3342 διδι
624 3284 684 3340 τοῦ
709 3279 741 3340 Γ
758 3277 852 3360 ἤχθω
875 3277 1017 3354 κάθετος
1040 3276 1090 3343 ἐπὶ
1110 3277 1165 3358 τὴν
1236 3313 1237 3376 ρ

236 3441 261 3486 4.
281 3435 344 3504 ΒΔ]
363 3451 418 3502 vp,
446 3433 475 3484 eh
492 3431 518 3485 V
540 3431 583 3485 ita
607 3433 680 3484 utB
703 3430 856 3485 litteraeA
880 3431 980 3487 similis
1005 3435 1053 3506 υἱώ
1080 3437 1127 3488 ΑΛ
1144 3448 1164 3484 ο.

204 3507 226 3554 7.
246 3512 294 3556 τοῦ
313 3535 349 3544 -
368 3499 528 3571 ἐλλείψεως]
549 3501 694 3569 ἐλλείψεως
711 3511 761 3556 τοῦ
779 3499 930 3571 κυλίνδρου
947 3522 974 3573 p.
1054 3501 1118 3573 πρός
1135 3533 1164 3544 -
