2574 3934
167 188 208 252 16
435 189 520 239 ΠΕΡΙ
539 187 753 240 ΚΤΛΙΝΔΡΟΤ
771 187 907 239 ΤΟΜΗΣ.

623 346 691 411 .δ’.

228 462 304 528 Ἐδιν
335 463 509 547 καμπύλην
544 465 697 548 γραμμήν
726 463 883 548 ὑποτείνη
914 463 1043 548 εὐθεῖα,
1077 467 1115 529 αἱ
1145 463 1184 530 δὲ

165 571 228 637 άπὸ
256 579 313 654 τῆς
340 579 490 655 γραμμῆς
517 567 569 634 ἐπὶ
592 570 652 653 τήν
675 569 916 634 ὑποτείνουσαν
938 571 1076 638 κάθετοι
1105 579 1181 638 ίσον

165 680 332 744 δύνωνται
355 686 400 764 τῳ
424 676 488 741 ὑπὸ
511 687 578 740 τῶν
601 676 778 760 τμημάτων
800 685 857 760 τῆς
879 677 1134 763 ὑποτεινούσης,
1159 679 1179 762 ἡ

130 796 146 844 5
165 787 296 871 γραμμή
320 785 444 849 κύκλου
467 781 658 869 περιφέρεια
682 786 781 848 ἔσται.

230 895 312 957 ἔστω
345 891 507 975 καμπύλη
529 892 660 976 γραμμὴ
690 888 710 972 ή
740 895 858 974 ΑΒΔ,
888 890 1112 957 ὑποτείνουσα
1142 889 1180 956 δὲ

164 998 269 1082 αὐτὴν
296 998 316 1081 ή
345 1003 416 1061 ΑΔ
443 997 572 1079 εὐθεῖα,
603 994 659 1060 καὶ
686 996 822 1062 κάθετοι
849 998 1009 1080 ήχθωσαν
1037 995 1090 1062 ἐπὶ
1116 1000 1181 1082 τὴν

163 1110 233 1169 ΑΔ
257 1106 293 1169 αλ
314 1108 391 1186 ΒΕ,
417 1105 492 1186 ΓΖ,
515 1100 571 1167 καὶ
593 1103 783 1168 ὑποκείσθω
807 1104 843 1168 τὸ
867 1100 927 1187 μὲν
950 1103 1013 1168 άπὸ
1036 1113 1095 1187 τῆς
1113 1108 1182 1168 ΒΕ

165 1217 240 1276 ίσον
267 1219 312 1298 τῳ
338 1209 403 1274 ὑπὸ
427 1220 494 1274 τῶν
517 1215 597 1292 ΑΕ,
620 1214 702 1292 ΕΔ,
729 1210 766 1273 τὸ
790 1205 827 1274 δὲ
850 1208 913 1275 άπὸ
937 1219 994 1293 τῆς
1017 1213 1078 1275 ΓΖ
1102 1217 1179 1276 ίσον

114 1331 147 1379 10
166 1327 211 1404 τῳ
244 1316 309 1381 ὑπὸ
341 1321 453 1381 ΑΖΔ.
503 1314 602 1398 λέγω,
630 1317 679 1381 ὅτι
706 1314 726 1398 ἡ
755 1320 860 1380 ΑΒΔ
888 1317 1013 1381 κύκλου
1042 1316 1178 1402 περιφέ-

165 1424 238 1508 ρειά
262 1423 339 1488 ἐστι.

108 1543 110 1551 ⁴
231 1532 403 1614 τετμήσθω
431 1531 506 1615 δίχα
529 1531 549 1615 ή
573 1537 642 1596 ΑΔ
664 1531 746 1595 κατά
769 1532 805 1596 τὸ
829 1535 878 1615 Η,
901 1529 956 1595 καὶ
980 1529 1179 1615 ἐπεζεύχθω-

165 1654 228 1702 σαν
257 1639 294 1702 αί
321 1642 404 1721 ΗΒ,
432 1641 511 1703 ΗΓ.
566 1636 634 1702 ἐπεὶ
665 1633 727 1703 οὑν
756 1639 793 1703 τὸ
824 1638 887 1703 άπὸ
917 1647 974 1722 τῆς
1001 1641 1074 1702 ΗΔ
1101 1643 1179 1703 ίσον

165 1743 233 1809 ἐστὶ
256 1754 301 1832 τῷ
326 1768 360 1809 τε
384 1744 447 1810 άπὸ
471 1753 528 1828 τῆς
546 1747 617 1807 ΗΕ
638 1742 692 1808 καὶ
715 1753 760 1831 τῳ
783 1744 848 1810 ὑπὸ
872 1755 939 1809 τῶν
958 1748 1039 1827 ΑΒ,
1057 1745 1178 1827 M&

113 1863 145 1911 15
165 1850 234 1916 ἐστι
261 1853 298 1916 τὸ
326 1850 390 1915 άπὸ
415 1859 473 1932 τής
495 1854 572 1933 ΒΕ,
596 1847 678 1914 ἀλλὰ
700 1847 756 1914 καὶ
778 1851 815 1914 τὸ
839 1848 903 1914 άπὸ
926 1859 983 1934 τής
1006 1853 1079 1915 ΒΗ
1100 1856 1178 1915 λσον

164 1955 233 2022 ἐστὶ
269 1968 339 2033 τοῖς
371 1955 434 2021 άπὸ
467 1960 550 2038 ΗΕ,
576 1961 653 2039 ΕΒ,
687 1962 740 2039 ίση
773 1957 836 2042 άρα
867 1956 888 2040 ἡ
920 1961 993 2020 ΒΗ
1020 1967 1059 2042 τῇ
1092 1960 1177 2021 ΗΔ.

164 2064 286 2147 ὁμοίως
313 2060 350 2127 δὲ
376 2061 431 2126 καὶ
458 2061 479 2144 ή
511 2065 582 2126 ΓΗ
606 2067 745 2154 τήΙΗΔ
774 2069 827 2146 ίση
858 2064 1024 2128 δείκνυται
1054 2061 1110 2127 καὶ
1140 2066 1179 2128 αι’

164 2172 272 2234 άλλαι·
297 2167 491 2254 ἡμικύκλιον
515 2170 579 2253 άρα
601 2169 638 2233 τὸ
663 2173 774 2232 ΑΒΔ.

649 2388 689 2430 ε,
741 2418 743 2421 .

111 2482 144 2532 20
227 2471 303 2537 Ἐάν
337 2471 514 2558 κύλινδρος
546 2470 688 2559 ἐπιπέδῳ
725 2477 835 2556 τμηθῇ
871 2475 1069 2560 παραλλήλῳ
1103 2485 1177 2550 ταῖς

163 2579 310 2662 βάσεσιν,Ι
333 2578 353 2662 ἡ
377 2581 459 2663 τομὴ
481 2577 602 2654 κύκλος
623 2581 712 2643 ἔσται
732 2578 768 2643 τὸ
787 2575 926 2663 κέντρον
944 2581 1027 2662 ἔχων
1046 2577 1100 2644 ἐπὶ
1114 2589 1175 2644 τοῦ
1279 2617 1280 2622 1

163 2684 288 2762 ἄξονος.

230 2795 311 2857 ἔστω
341 2791 533 2877 κύλινδρος,
564 2788 603 2858 οὑ
631 2791 743 2875 βάσεις
772 2788 832 2876 μὲν
860 2793 895 2857 ολ
919 2797 1017 2875 Α,Β
1045 2790 1173 2876 κύκλοι,
1278 2806 1279 2815 ’

163 2897 250 2976 άξων
282 2895 318 2962 δὲ
350 2897 370 2981 ή
399 2903 464 2962 ΑΒ
496 2899 626 2981 εὐθεῖα,
652 2896 708 2962 καὶ
739 2900 912 2982 τετμήσθω
944 2898 962 2964 δ
994 2896 1175 2985 κύλινδρος

112 3015 144 3063 25
164 3003 306 3093 ἐπιπέδῳ
333 3006 530 3093 παραλλήλῳ
558 3016 628 3082 ταῖς
655 3005 771 3087 βάσεσι
796 3013 950 3070 ποιοῦντι
977 3005 1013 3071 ἐν
1041 3015 1080 3090 τῇ
1104 3004 1175 3070 ἐπι-

164 3116 285 3200 φανείᾳ
307 3120 366 3177 τοῦ
389 3113 570 3197 κυλίνδρου
594 3113 655 3196 τήν
679 3111 776 3185 ΓΞΔ
799 3114 959 3197 γραμμήν.
1001 3109 1096 3194 λέγω,
1121 3113 1173 3179 ὅτι

162 3219 182 3303 ἡ
208 3219 304 3293 rm
328 3221 458 3304 γραμμή
481 3216 604 3284 κύκλου
629 3217 696 3284 ἐστὶ
718 3217 918 3305 περιφέρεια.

235 3409 258 3458 ι.
278 3404 351 3457 Ante
370 3399 421 3456 ιιι
441 3378 618 3472 ωαξης.
637 3402 761 3458 m.1v.
852 3407 876 3457 6.
900 3402 992 3472 ΑΒΔ]
1016 3405 1124 3456 ΑΒΓΔ
1144 3420 1171 3471 p.

201 3478 241 3528 10.
261 3475 353 3546 ΑΖΔ]
371 3482 427 3527 τοι
445 3477 504 3540 Az,
521 3478 572 3529 ΖΔ
589 3492 616 3542 p.
689 3475 780 3545 ΑΒΔ]
799 3477 905 3528 ΑΒΓΔ
922 3491 948 3542 p.
1023 3478 1064 3527 ιε.
1083 3473 1101 3541 ἡ
1121 3479 1171 3528 ΑΔ

188 3541 274 3613 ἰαμ
366 3549 407 3599 15.
430 3543 552 3617 t6(pr.)]
572 3564 603 3614 p,
627 3549 664 3616 τῷ
683 3545 735 3599 Vc.
822 3545 891 3616 BE]
913 3547 1008 3613 EBp.
1096 3545 1170 3616 ΒΗ]
