2488 3938
184 179 228 243 80
454 179 541 230 ΠΕΡΙ
558 177 774 229 ΚΤΛΙΝΔΡΟΤ
792 176 928 228 ΤΟΜΗΣ.

253 320 321 387 ἐπεὶ
344 317 483 387 οὖντοῦ
506 325 580 386 ΘΗ
592 319 937 405 παραλληλογράμμου
952 317 972 401 ἡ
990 320 1062 382 ΖΗ
1070 317 1183 402 πλευρὰ
1234 343 1235 354 ¹

185 439 224 515 τῇ
251 431 317 493 ΘΓ
336 434 389 512 ἴση
413 427 517 512 ἐστίν,
545 424 626 511 ἡδὲ
652 429 718 491 ΘΓ
736 435 794 509 τῆς
816 429 885 490 ΒΚ
906 425 967 490 οὔκ
992 423 1081 489 ἐστιν
1105 423 1184 488 έλάτ-
1234 425 1235 462 3

186 560 263 619 των,
286 534 341 600 καὶ
363 534 383 618 ἡ
409 538 480 599 ΖΗ
499 537 562 620 άρα
585 544 642 618 τῆς
664 537 734 598 ΒΚ
753 535 814 598 οὔκ
838 532 928 597 ἐστιν
952 531 1102 596 έλάττων.
1136 529 1185 595 ἐὰν
1231 533 1235 616 f

186 645 250 728 άρα
276 652 321 730 τῷ
350 641 413 707 άπὸ
441 651 499 725 τῆς
522 645 598 706 ΚΗ
620 641 814 727 τετραγώνῳ
838 645 912 704 ἴσον
935 636 1185 725 παραβάλλωμεν
1234 639 1235 678 ³

151 762 166 810 5
185 750 274 836 παρά
296 751 357 833 την
380 751 449 813 ΒΚ
467 748 675 834 ὑπερβάλλον
698 748 778 812 εἴδει
801 747 1007 832 τετραγώνῳ,
1030 744 1050 828 ἡ
1073 744 1185 827 πλευρὰ

186 865 245 920 τοῦ
268 856 518 942 ὑπερβληματος
539 858 658 939 μείζων
680 850 741 937 μὲν
764 856 855 918 ἔσται
877 861 936 936 τῆς
953 855 1030 935 ΚΖ,
1055 850 1185 917 ἐλάττων

186 960 224 1027 δέ
249 971 308 1045 τῆς
335 965 410 1026 ΚΗ
433 962 489 1025 διά
516 962 553 1026 τὸ
580 958 789 1046 προδειχθέν.
836 963 917 1024 έστω
946 962 1062 1024 τοίνυν
1087 959 1107 1042 ἡ
1130 961 1185 1022 ΚΛ

186 1069 312 1153 πλευρὰ
334 1077 394 1133 τοῦ
417 1067 676 1153 ὑπερβλήματος,
699 1065 755 1132 καὶ
777 1067 834 1131 διὰ
856 1075 916 1130 τοῦ
937 1071 968 1130 A
990 1065 1185 1153 παράλληλος
1227 1081 1228 1085 ’

185 1176 281 1258 ἤχθω
304 1182 344 1258 τῇ
363 1178 435 1239 ΗΓ
454 1175 474 1258 ἡ
494 1178 582 1258 ΛΜ,
606 1172 661 1238 καὶ
682 1173 930 1258 ἐπεζεύχθωσαν
957 1175 994 1237 αἱ
1014 1177 1097 1256 ΜΒ,
1112 1173 1185 1251 ΜΚ,

136 1294 169 1341 10
186 1279 243 1345 καὶ
270 1282 443 1363 νενοήσθω
470 1292 590 1364 κῶνος,
618 1277 658 1346 οὗ
685 1281 816 1365 κορυφὴ
843 1276 904 1363 μὲν
931 1281 968 1344 τὸ
991 1284 1036 1344 Μ
1054 1290 1186 1363 σημεῖον,

188 1387 285 1470 βάσις
308 1384 344 1452 δέ
368 1388 437 1453 ὁΑ
459 1388 589 1470 κύκλος,
612 1389 649 1452 τὸ
673 1383 710 1451 δὲ
733 1387 789 1451 διά
811 1394 871 1451 τοῦ
895 1384 1013 1464 άξονος
1035 1389 1186 1472 τρίγωνον
1230 1382 1231 1386 ’

188 1495 343 1577 δηλονότι
366 1496 403 1560 τὸ
427 1497 546 1560 ΒΚΜ
592 1493 650 1558 έάν
672 1494 713 1576 δὴ
737 1495 908 1578 νοήσωμεν
930 1491 987 1558 καὶ
1009 1494 1068 1558 τὸν
1090 1503 1185 1557 κῶνον
1229 1493 1230 1521 ³

187 1601 386 1686 τετμημένον
413 1612 458 1690 τῷ
487 1599 645 1687 ἐπιπέδῳ,
672 1598 733 1685 ὑφ’
764 1596 805 1665 οὗ
832 1598 968 1682 γέγονεν
994 1599 1014 1682 ἡ
1038 1604 1105 1664 EA
1126 1597 1185 1662 διά-

187 1732 304 1795 μετρος
321 1718 379 1792 τῆς
397 1717 457 1772 τοῦ
475 1708 658 1793 κυλίνδρου
676 1715 787 1791 τομῆς,
802 1709 892 1771 ἔσται
910 1704 966 1770 καὶ
985 1705 1021 1770 ἐν
1040 1715 1085 1794 τῳ
1102 1707 1184 1789 κώνῳ
1229 1745 1230 1784 3

136 1827 169 1875 15
188 1817 280 1900 τομή,
303 1809 342 1897 ἧς
365 1815 538 1902 διάμετρος
560 1813 580 1897 ἡ
604 1813 679 1886 ΝΞ.
721 1811 790 1877 ἐπεὶ
813 1808 875 1878 οὖν
897 1821 942 1900 τῷ
966 1811 1030 1876 άπὸ
1053 1821 1109 1896 τῆς
1127 1811 1188 1874 ΚΗ

187 1922 381 2007 τετραγώνῳ
414 1927 489 1986 λ’σον
519 1921 609 2007 παρά
640 1922 701 2004 τὴν
733 1922 802 1984 ΒΚ
825 1917 1070 2004 παραβέβληται
1100 1918 1186 2000 ὑπερ·
1229 1901 1230 1982 Ῠ

187 2027 312 2111 βάλλον
335 2035 379 2115 τῷ
404 2026 467 2093 άπὸ
491 2036 548 2111 τῆς
570 2030 639 2091 ΚΛ
661 2027 870 2115 τετραγώνῳ,
897 2026 935 2091 τὸ
959 2027 1023 2111 άρα
1046 2025 1108 2090 ὑπὸ
1132 2035 1185 2089 τῶν

188 2138 267 2217 ΒΛ,
287 2137 358 2197 ΛΚ
377 2143 422 2221 τῳ
446 2133 509 2199 άπὸ
528 2143 585 2217 τῆς
603 2137 680 2198 ΚΗ
693 2134 886 2220 τετραγώνῳ
907 2138 980 2197 ἴσον
1000 2131 1098 2198 ἐστίν.
1130 2126 1185 2196 ἐπεὶ
1230 2127 1232 2162 ³

189 2236 250 2306 οὖν
274 2242 311 2305 αἱ
330 2245 405 2326 ΔΒ,
429 2243 500 2305 ΚΓ
516 2241 719 2327 παράλληλοι
743 2239 899 2322 άλληλαις
921 2241 1016 2323 εἰσίν,
1041 2233 1185 2304 ἀλλὰκαὶ
1231 2291 1232 2334 η

135 2359 169 2407 20
188 2349 225 2412 αλ
245 2353 279 2412 A
285 2352 326 2432 Z,
345 2351 435 2432 ΜΛ,
455 2350 527 2411 ΓΗ
544 2346 751 2432 παράλληλοί
771 2348 856 2411 εἰσιν
879 2345 1046 2429 ἀλλήλαις,
1070 2346 1112 2422 ὡς
1134 2346 1185 2428 άρα

187 2456 299 2539 ηΛΖ
322 2457 405 2542 πρὸς
429 2459 500 2538 ΖΒ,
523 2454 629 2530 οὕτως
651 2452 672 2535 ἡ
697 2457 769 2518 ΓΗ
786 2454 869 2540 πρὸς
891 2454 951 2536 τὴν
970 2455 1054 2517 ΗΚ·
1078 2449 1130 2516 καὶ
1151 2450 1184 2522 ὡς
1229 2460 1233 2487 ³

188 2564 251 2647 άρα
280 2564 316 2627 τὸ
341 2561 404 2627 άπὸ
428 2570 485 2644 τῆς
509 2564 575 2625 ΔΖ
597 2561 680 2645 πρὸς
702 2561 739 2625 τὸ
763 2559 826 2624 άπὸ
849 2567 907 2642 τῆς
931 2562 1007 2642 ΖΒ,
1035 2559 1137 2634 οὕτως
1156 2554 1183 2617 τὸ
1229 2601 1232 2659 ,

189 2666 252 2732 άπὸ
280 2675 337 2750 τῆς
361 2670 433 2731 ΓΗ
450 2667 533 2751 πρὸς
560 2668 596 2731 τὸ
623 2665 686 2731 άπὸ
709 2675 767 2751 τῆς
790 2668 875 2749 ΚΗ,
903 2665 1053 2730 τουτέστι
1075 2665 1110 2729 τὸ
1133 2660 1183 2726 άπὸ
1228 2666 1233 2737 ἶ

188 2781 246 2856 τῆς
268 2777 343 2837 ΜΛ
366 2774 449 2859 πρὸς
471 2774 508 2838 ιο
530 2773 595 2838 τιὸ
619 2784 687 2837 τοι
710 2777 785 2857 ΒΛ,
806 2775 881 2837 ΛΚ.
919 2769 991 2837 ιιι
1017 2773 1063 2849 ες
1084 2769 1141 2856 μὲι
1155 2767 1182 2831 τὸ
1231 2757 1232 2821 λ

136 2891 169 2940 25
188 2879 252 2944 άπὸ
275 2884 416 2963 τηςΔΖ
438 2881 521 2966 πρὸς
543 2880 580 2945 τὸ
604 2879 668 2945 άπὸ
691 2889 749 2963 τῆς
773 2883 843 2964 ΖΒ,
866 2878 972 2955 οὕτως
994 2880 1031 2944 τὸ
1055 2877 1118 2944 άπὸ
1138 2882 1183 2956 τῆς
1231 2938 1232 2966 ,

1231 2989 1232 3024 ι

261 3043 284 3090 1.
311 3038 383 3108 ΘΗ]
406 3054 438 3107 p,
468 3040 519 3092 ΘΔ
537 3037 590 3092 VC.
681 3043 705 3090 2.
730 3038 794 3108 τῆς]
813 3055 846 3106 p,
872 3044 906 3108 τῇ
924 3035 988 3091 Vc?
1079 3035 1143 3104 RK]
1161 3047 1182 3098 Pu

190 3111 248 3164 ΘΚ
264 3108 317 3162 Vc.
390 3113 415 3163 3.
434 3108 483 3164 καλ
501 3107 519 3177 ἡ
538 3139 572 3148 -
592 3106 723 3180 ἐλάττων]
747 3125 800 3162 om.
820 3124 843 3161 ο.
920 3114 945 3162 4.
965 3099 1182 3178 παραβάλλωμεν]
1231 3128 1232 3132 ’

188 3177 394 3270 παραβάλωμεν
412 3197 438 3248 p.
502 3184 527 3233 8.
547 3176 773 3248 παράλληλος-
793 3183 816 3233 9.
837 3179 910 3250 ΗΓ]
929 3186 963 3302 t}
983 3182 1044 3233 ΗΓ
1058 3175 1181 3252 παράλλη·

188 3255 235 3314 λος
253 3255 333 3322 ηγθω
352 3269 378 3320 p.
453 3255 493 3305 10.
513 3249 672 3321 νενοήσθω]
692 3247 846 3306 νενοελοθω
864 3268 892 3318 p,
912 3265 941 3303 se
981 3266 1049 3303 corr.
1068 3249 1099 3302 in
1116 3241 1181 3301 τισὶ).
1231 3269 1232 3314 g

225 3323 487 3393 llflwffloest
561 3323 849 3392 sswfflemmp
905 3322 1090 3393 ΚΜΒΚμ
1150 3317 1231 3367 θ’

189 3392 320 3460 ἀλλήλαις
338 3390 419 3463 εἰσίν]
440 3391 509 3446 εἰσιν
528 3391 658 3458 ἀλλήλαις
675 3410 702 3461 p.
764 3399 806 3448 21.
824 3391 888 3462 τήν]
908 3409 961 3446 om.
976 3409 1003 3460 p.
1063 3396 1104 3445 23.
1123 3382 1181 3450 KH]
1231 3423 1232 3460 ss

192 3465 255 3583 gig
266 3480 298 3530 p,
322 3464 401 3518 bene.
492 3467 534 3516 24.
559 3463 635 3532 ΜΛ]
659 3480 691 3532 p,
720 3480 788 3518 corr.
808 3479 842 3517 ex
861 3466 920 3516 MA
943 3481 979 3517 m.
1001 3469 1015 3516 1
1034 3463 1068 3532 V,
1096 3463 1147 3516 MA
1162 3471 1180 3518 v.
1230 3510 1234 3541 ,

274 3548 297 3584 ο,
