<?xml version="1.0" encoding="UTF-8"?>
<!DOCTYPE html PUBLIC "-//W3C//DTD XHTML 1.0 Transitional//EN"
    "http://www.w3.org/TR/xhtml1/DTD/xhtml1-transitional.dtd">
<html xmlns="http://www.w3.org/1999/xhtml" xml:lang="en" lang="en">
 <head>
  <title>
</title>
<meta http-equiv="Content-Type" content="text/html;charset=utf-8" />
  <meta name='ocr-system' content='tesseract 3.04.00' />
  <meta name='ocr-capabilities' content='ocr_page ocr_carea ocr_par ocr_line ocrx_word'/>
</head>
<body>
  <div class='ocr_page' id='page_1' title='image "./sereniantinoens00heibgoog_0229.png"; bbox 0 0 2504 3928; ppageno 0'>
   <div class='ocr_carea' id='block_1_1' title="bbox 155 160 857 224">
    <p class='ocr_par' dir='ltr' id='par_1_1' title="bbox 155 160 857 224">
     <span class='ocr_line' id='line_1_1' title="bbox 155 160 857 224; baseline -0.011 -2"><span class='ocrx_word' id='word_1_1' title='bbox 155 160 221 224; x_wconf 80' lang='lat'><em>204</em></span> <span class='ocrx_word' id='word_1_2' title='bbox 470 163 557 214; x_wconf 73' lang='grc' dir='ltr'><strong>ΠΕΡΙ</strong></span> <span class='ocrx_word' id='word_1_3' title='bbox 575 162 704 214; x_wconf 64' lang='lat' dir='ltr'><em>mor</em></span> <span class='ocrx_word' id='word_1_4' title='bbox 722 163 857 215; x_wconf 78' lang='grc' dir='ltr'><em>ΤοιτΗΣ.</em></span> 
     </span>
    </p>
   </div>
   <div class='ocr_carea' id='block_1_2' title="bbox 108 301 1250 2946">
    <p class='ocr_par' dir='ltr' id='par_1_2' title="bbox 108 301 1250 2946">
     <span class='ocr_line' id='line_1_2' title="bbox 156 301 1175 390; baseline -0.003 -20"><span class='ocrx_word' id='word_1_5' title='bbox 156 301 217 370; x_wconf 83' lang='grc' dir='ltr'><em>οὖν</em></span> <span class='ocrx_word' id='word_1_6' title='bbox 244 302 264 386; x_wconf 75' lang='grc' dir='ltr'><em>ἡ</em></span> <span class='ocrx_word' id='word_1_7' title='bbox 293 308 360 368; x_wconf 99' lang='lat' dir='ltr'><em>BA</em></span> <span class='ocrx_word' id='word_1_8' title='bbox 382 306 465 388; x_wconf 77' lang='grc' dir='ltr'><em>πρὸς</em></span> <span class='ocrx_word' id='word_1_9' title='bbox 493 309 561 369; x_wconf 90' lang='grc' dir='ltr'><em>ΑΕ</em></span> <span class='ocrx_word' id='word_1_10' title='bbox 587 309 718 389; x_wconf 81' lang='grc' dir='ltr'><em>μείζονα</em></span> <span class='ocrx_word' id='word_1_11' title='bbox 741 308 843 387; x_wconf 77' lang='grc' dir='ltr'><em>λόγον</em></span> <span class='ocrx_word' id='word_1_12' title='bbox 866 308 930 389; x_wconf 86' lang='grc' dir='ltr'><em>έχει</em></span> <span class='ocrx_word' id='word_1_13' title='bbox 954 306 1037 390; x_wconf 71' lang='grc' dir='ltr'><em>ἥπερ</em></span> <span class='ocrx_word' id='word_1_14' title='bbox 1064 302 1085 386; x_wconf 79' lang='grc' dir='ltr'><em>ἡ</em></span> <span class='ocrx_word' id='word_1_15' title='bbox 1112 307 1175 367; x_wconf 89' lang='grc' dir='ltr'><em>ΒΘ</em></span> 
     </span>
     <span class='ocr_line' id='line_1_3' title="bbox 155 409 1177 497; baseline 0.001 -22"><span class='ocrx_word' id='word_1_16' title='bbox 155 412 239 496; x_wconf 80' lang='grc' dir='ltr'><em>πρὸς</em></span> <span class='ocrx_word' id='word_1_17' title='bbox 263 415 327 475; x_wconf 90' lang='grc' dir='ltr'><em>ΘΕ</em></span> <span class='ocrx_word' id='word_1_18' title='bbox 353 412 409 475; x_wconf 76' lang='grc' dir='ltr'><em>διὰ</em></span> <span class='ocrx_word' id='word_1_19' title='bbox 436 413 473 475; x_wconf 91' lang='grc' dir='ltr'><em>τὸ</em></span> <span class='ocrx_word' id='word_1_20' title='bbox 502 411 555 493; x_wconf 79' lang='grc' dir='ltr'><em>λγ’</em></span> <span class='ocrx_word' id='word_1_21' title='bbox 579 413 751 497; x_wconf 82' lang='grc' dir='ltr'><em>θεώρημα,</em></span> <span class='ocrx_word' id='word_1_22' title='bbox 781 413 825 488; x_wconf 81' lang='grc' dir='ltr'><em>ὡς</em></span> <span class='ocrx_word' id='word_1_23' title='bbox 853 413 917 497; x_wconf 84' lang='grc' dir='ltr'><em>ίίρα</em></span> <span class='ocrx_word' id='word_1_24' title='bbox 944 409 964 494; x_wconf 78' lang='grc' dir='ltr'><em>ἡ</em></span> <span class='ocrx_word' id='word_1_25' title='bbox 994 416 1065 476; x_wconf 96' lang='lat' dir='ltr'><em>BA</em></span> <span class='ocrx_word' id='word_1_26' title='bbox 1094 413 1177 491; x_wconf 79' lang='grc' dir='ltr'><em>πρὸς</em></span> 
     </span>
     <span class='ocr_line' id='line_1_4' title="bbox 156 515 1176 604; baseline -0.002 -22"><span class='ocrx_word' id='word_1_27' title='bbox 156 522 237 600; x_wconf 89' lang='grc' dir='ltr'><em>ΑΕ,</em></span> <span class='ocrx_word' id='word_1_28' title='bbox 265 517 371 594; x_wconf 80' lang='grc' dir='ltr'><em>οὕτως</em></span> <span class='ocrx_word' id='word_1_29' title='bbox 398 515 418 601; x_wconf 80' lang='grc' dir='ltr'><strong><em>ἡ</em></strong></span> <span class='ocrx_word' id='word_1_30' title='bbox 448 522 512 582; x_wconf 98' lang='grc' dir='ltr'><em>ΒΘ</em></span> <span class='ocrx_word' id='word_1_31' title='bbox 538 520 622 604; x_wconf 80' lang='grc' dir='ltr'><em>πρὸς</em></span> <span class='ocrx_word' id='word_1_32' title='bbox 649 517 807 583; x_wconf 80' lang='grc' dir='ltr'><em>ἐλάττονα</em></span> <span class='ocrx_word' id='word_1_33' title='bbox 834 518 895 603; x_wconf 88' lang='grc' dir='ltr'><em>μέν</em></span> <span class='ocrx_word' id='word_1_34' title='bbox 917 541 994 583; x_wconf 92' lang='grc' dir='ltr'><em>τινα</em></span> <span class='ocrx_word' id='word_1_35' title='bbox 1017 527 1081 601; x_wconf 83' lang='grc' dir='ltr'><em>τῆς</em></span> <span class='ocrx_word' id='word_1_36' title='bbox 1108 521 1176 598; x_wconf 90' lang='grc' dir='ltr'><em>ΘΕ,</em></span> 
     </span>
     <span class='ocr_line' id='line_1_5' title="bbox 156 621 1176 710; baseline 0 -22"><span class='ocrx_word' id='word_1_37' title='bbox 156 627 287 709; x_wconf 79' lang='grc' dir='ltr'><em>μείζονα</em></span> <span class='ocrx_word' id='word_1_38' title='bbox 316 621 353 688; x_wconf 74' lang='grc' dir='ltr'><em>δὲ</em></span> <span class='ocrx_word' id='word_1_39' title='bbox 379 634 437 709; x_wconf 80' lang='grc' dir='ltr'><em>τῆς</em></span> <span class='ocrx_word' id='word_1_40' title='bbox 468 629 538 689; x_wconf 89' lang='grc' dir='ltr'><em>ΘΒ.</em></span> <span class='ocrx_word' id='word_1_41' title='bbox 588 627 672 689; x_wconf 86' lang='grc' dir='ltr'><em>έστω</em></span> <span class='ocrx_word' id='word_1_42' title='bbox 695 626 752 708; x_wconf 78' lang='grc' dir='ltr'><em>δή,</em></span> <span class='ocrx_word' id='word_1_43' title='bbox 780 625 826 702; x_wconf 76' lang='grc' dir='ltr'><em>ὡς</em></span> <span class='ocrx_word' id='word_1_44' title='bbox 851 623 871 707; x_wconf 80' lang='grc' dir='ltr'><em>ἡ</em></span> <span class='ocrx_word' id='word_1_45' title='bbox 897 629 965 690; x_wconf 92' lang='grc' dir='ltr'><em>ΒΑ</em></span> <span class='ocrx_word' id='word_1_46' title='bbox 987 627 1076 710; x_wconf 77' lang='grc' dir='ltr'><em>πρὸς</em></span> <span class='ocrx_word' id='word_1_47' title='bbox 1100 629 1176 706; x_wconf 87' lang='grc' dir='ltr'><em>ΑΕ,</em></span> 
     </span>
     <span class='ocr_line' id='line_1_6' title="bbox 122 729 1178 818; baseline -0.003 -22"><span class='ocrx_word' id='word_1_48' title='bbox 122 741 138 788; x_wconf 80' lang='lat'>5</span> <span class='ocrx_word' id='word_1_49' title='bbox 158 731 263 808; x_wconf 78' lang='grc' dir='ltr'><em>οὕτως</em></span> <span class='ocrx_word' id='word_1_50' title='bbox 284 729 304 814; x_wconf 72' lang='grc' dir='ltr'><em>ἡ</em></span> <span class='ocrx_word' id='word_1_51' title='bbox 329 735 395 795; x_wconf 92' lang='grc' dir='ltr'><em>ΒΘ</em></span> <span class='ocrx_word' id='word_1_52' title='bbox 415 731 498 816; x_wconf 80' lang='grc' dir='ltr'><em>πρὸς</em></span> <span class='ocrx_word' id='word_1_53' title='bbox 523 735 597 815; x_wconf 89' lang='grc' dir='ltr'><em>ΘΚ,</em></span> <span class='ocrx_word' id='word_1_54' title='bbox 620 729 676 796; x_wconf 80' lang='grc' dir='ltr'><em>καὶ</em></span> <span class='ocrx_word' id='word_1_55' title='bbox 698 732 755 795; x_wconf 75' lang='grc' dir='ltr'><em>διὰ</em></span> <span class='ocrx_word' id='word_1_56' title='bbox 777 740 837 796; x_wconf 87' lang='grc' dir='ltr'><em>τοῦ</em></span> <span class='ocrx_word' id='word_1_57' title='bbox 855 737 888 796; x_wconf 89' lang='grc' dir='ltr'><strong>Ε</strong></span> <span class='ocrx_word' id='word_1_58' title='bbox 908 733 998 818; x_wconf 81' lang='grc' dir='ltr'><em>παρὰ</em></span> <span class='ocrx_word' id='word_1_59' title='bbox 1021 733 1087 815; x_wconf 81' lang='grc' dir='ltr'><em>τὴν</em></span> <span class='ocrx_word' id='word_1_60' title='bbox 1112 733 1178 794; x_wconf 89' lang='grc' dir='ltr'><em>ΚΘ</em></span> 
     </span>
     <span class='ocr_line' id='line_1_7' title="bbox 128 834 1179 924; baseline -0.003 -22"><span class='ocrx_word' id='word_1_61' title='bbox 128 900 132 908; x_wconf 87' lang='grc'><strong>,</strong></span> <span class='ocrx_word' id='word_1_62' title='bbox 157 839 252 923; x_wconf 72' lang='grc' dir='ltr'><em>ἤχθω</em></span> <span class='ocrx_word' id='word_1_63' title='bbox 280 835 300 920; x_wconf 77' lang='grc' dir='ltr'><em>ἡ</em></span> <span class='ocrx_word' id='word_1_64' title='bbox 329 841 398 902; x_wconf 87' lang='grc' dir='ltr'><em>ΕΑ</em></span> <span class='ocrx_word' id='word_1_65' title='bbox 425 841 659 923; x_wconf 81' lang='grc' dir='ltr'><em>συμπίττουσα</em></span> <span class='ocrx_word' id='word_1_66' title='bbox 685 848 725 924; x_wconf 83' lang='grc' dir='ltr'><em>τῇ</em></span> <span class='ocrx_word' id='word_1_67' title='bbox 753 842 819 903; x_wconf 90' lang='grc' dir='ltr'><em>ΒΘ</em></span> <span class='ocrx_word' id='word_1_68' title='bbox 845 839 928 902; x_wconf 77' lang='grc' dir='ltr'><em>κατὰ</em></span> <span class='ocrx_word' id='word_1_69' title='bbox 955 839 993 903; x_wconf 93' lang='grc' dir='ltr'><em>τὸ</em></span> <span class='ocrx_word' id='word_1_70' title='bbox 1018 842 1060 902; x_wconf 95' lang='grc' dir='ltr'><em>Λ.</em></span> <span class='ocrx_word' id='word_1_71' title='bbox 1111 834 1179 902; x_wconf 77' lang='grc' dir='ltr'><em>έτιεὶ</em></span> 
     </span>
     <span class='ocr_line' id='line_1_8' title="bbox 159 941 1178 1032; baseline 0 -24"><span class='ocrx_word' id='word_1_72' title='bbox 159 941 235 1027; x_wconf 80' lang='grc' dir='ltr'><em>οὖν,</em></span> <span class='ocrx_word' id='word_1_73' title='bbox 266 941 359 1026; x_wconf 72' lang='grc' dir='ltr'><em>οἶος-ἡ</em></span> <span class='ocrx_word' id='word_1_74' title='bbox 391 948 458 1008; x_wconf 93' lang='lat' dir='ltr'><em>BA</em></span> <span class='ocrx_word' id='word_1_75' title='bbox 485 946 570 1028; x_wconf 79' lang='grc' dir='ltr'><em>πρὸς</em></span> <span class='ocrx_word' id='word_1_76' title='bbox 599 951 679 1029; x_wconf 89' lang='grc' dir='ltr'><em>ΑΕ,</em></span> <span class='ocrx_word' id='word_1_77' title='bbox 710 945 815 1022; x_wconf 71' lang='grc' dir='ltr'><em>οὕτως</em></span> <span class='ocrx_word' id='word_1_78' title='bbox 843 944 863 1029; x_wconf 80' lang='grc' dir='ltr'><em>ἡ</em></span> <span class='ocrx_word' id='word_1_79' title='bbox 893 949 959 1010; x_wconf 92' lang='grc' dir='ltr'><em>ΒΘ</em></span> <span class='ocrx_word' id='word_1_80' title='bbox 984 946 1073 1032; x_wconf 80' lang='grc' dir='ltr'><em>πρὸς</em></span> <span class='ocrx_word' id='word_1_81' title='bbox 1105 946 1178 1025; x_wconf 88' lang='grc' dir='ltr'><em>ΘΚ,</em></span> 
     </span>
     <span class='ocr_line' id='line_1_9' title="bbox 159 1047 1178 1138; baseline 0 -23"><span class='ocrx_word' id='word_1_82' title='bbox 159 1048 330 1115; x_wconf 78' lang='grc' dir='ltr'><strong><em>τουτέστιν</em></strong></span> <span class='ocrx_word' id='word_1_83' title='bbox 348 1048 368 1132; x_wconf 77' lang='grc' dir='ltr'><em>ἡ</em></span> <span class='ocrx_word' id='word_1_84' title='bbox 388 1054 456 1114; x_wconf 89' lang='lat' dir='ltr'><em>BA</em></span> <span class='ocrx_word' id='word_1_85' title='bbox 474 1051 558 1136; x_wconf 81' lang='grc' dir='ltr'><em>πρὸς</em></span> <span class='ocrx_word' id='word_1_86' title='bbox 577 1055 655 1135; x_wconf 91' lang='grc' dir='ltr'><em>ΑΕ,</em></span> <span class='ocrx_word' id='word_1_87' title='bbox 676 1047 718 1135; x_wconf 80' lang='grc' dir='ltr'><em>ἦν</em></span> <span class='ocrx_word' id='word_1_88' title='bbox 737 1050 784 1136; x_wconf 73' lang='grc' dir='ltr'><em>δέ,</em></span> <span class='ocrx_word' id='word_1_89' title='bbox 807 1053 853 1128; x_wconf 81' lang='grc' dir='ltr'><em>ὡς</em></span> <span class='ocrx_word' id='word_1_90' title='bbox 870 1051 891 1135; x_wconf 77' lang='grc' dir='ltr'>ἡ</span> <span class='ocrx_word' id='word_1_91' title='bbox 910 1057 978 1117; x_wconf 90' lang='lat' dir='ltr'><em>BA</em></span> <span class='ocrx_word' id='word_1_92' title='bbox 995 1053 1083 1138; x_wconf 79' lang='grc' dir='ltr'><em>πρὸς</em></span> <span class='ocrx_word' id='word_1_93' title='bbox 1103 1055 1178 1132; x_wconf 86' lang='grc' dir='ltr'><em>ΑΕ,</em></span> 
     </span>
     <span class='ocr_line' id='line_1_10' title="bbox 160 1154 1177 1245; baseline 0.001 -25"><span class='ocrx_word' id='word_1_94' title='bbox 160 1157 265 1232; x_wconf 80' lang='grc' dir='ltr'><em>οὕτως</em></span> <span class='ocrx_word' id='word_1_95' title='bbox 287 1154 307 1239; x_wconf 82' lang='grc' dir='ltr'><em>ἡ</em></span> <span class='ocrx_word' id='word_1_96' title='bbox 331 1161 406 1221; x_wconf 91' lang='grc' dir='ltr'><strong>ΕΗ</strong></span> <span class='ocrx_word' id='word_1_97' title='bbox 423 1158 507 1242; x_wconf 82' lang='grc' dir='ltr'><em>πρὸς</em></span> <span class='ocrx_word' id='word_1_98' title='bbox 530 1162 609 1240; x_wconf 91' lang='grc' dir='ltr'><strong>ΗΒ,</strong></span> <span class='ocrx_word' id='word_1_99' title='bbox 631 1156 687 1223; x_wconf 82' lang='grc' dir='ltr'><em>καὶ</em></span> <span class='ocrx_word' id='word_1_100' title='bbox 711 1159 755 1235; x_wconf 82' lang='grc' dir='ltr'><em>ὡς</em></span> <span class='ocrx_word' id='word_1_101' title='bbox 778 1160 842 1245; x_wconf 77' lang='grc' dir='ltr'><em>ἄρα</em></span> <span class='ocrx_word' id='word_1_102' title='bbox 864 1157 884 1241; x_wconf 82' lang='grc' dir='ltr'><em>ἡ</em></span> <span class='ocrx_word' id='word_1_103' title='bbox 907 1163 974 1223; x_wconf 91' lang='lat' dir='ltr'><em>BA</em></span> <span class='ocrx_word' id='word_1_104' title='bbox 997 1161 1084 1245; x_wconf 77' lang='grc' dir='ltr'><em>πρὸς</em></span> <span class='ocrx_word' id='word_1_105' title='bbox 1104 1161 1177 1238; x_wconf 89' lang='grc' dir='ltr'><em>ΑΕ,</em></span> 
     </span>
     <span class='ocr_line' id='line_1_11' title="bbox 108 1260 1179 1351; baseline 0.002 -28"><span class='ocrx_word' id='word_1_106' title='bbox 108 1274 141 1323; x_wconf 86' lang='grc'><em>10</em></span> <span class='ocrx_word' id='word_1_107' title='bbox 161 1263 267 1338; x_wconf 79' lang='grc' dir='ltr'><em>οὕτως</em></span> <span class='ocrx_word' id='word_1_108' title='bbox 294 1260 314 1344; x_wconf 79' lang='grc' dir='ltr'><em>ἡ</em></span> <span class='ocrx_word' id='word_1_109' title='bbox 344 1267 419 1327; x_wconf 90' lang='grc' dir='ltr'><em>ΕΗ</em></span> <span class='ocrx_word' id='word_1_110' title='bbox 439 1265 523 1349; x_wconf 82' lang='grc' dir='ltr'><em>πρὸς</em></span> <span class='ocrx_word' id='word_1_111' title='bbox 554 1268 631 1328; x_wconf 92' lang='grc' dir='ltr'><em>ΗΒ.</em></span> <span class='ocrx_word' id='word_1_112' title='bbox 684 1263 754 1329; x_wconf 80' lang='grc' dir='ltr'><em>ἐπεὶ</em></span> <span class='ocrx_word' id='word_1_113' title='bbox 781 1261 844 1331; x_wconf 82' lang='grc' dir='ltr'><em>οὖν</em></span> <span class='ocrx_word' id='word_1_114' title='bbox 871 1266 933 1330; x_wconf 74' lang='grc' dir='ltr'><em>δύο</em></span> <span class='ocrx_word' id='word_1_115' title='bbox 962 1268 1114 1351; x_wconf 88' lang='grc' dir='ltr'><em>τρίγωνα</em></span> <span class='ocrx_word' id='word_1_116' title='bbox 1141 1263 1179 1325; x_wconf 78' lang='grc' dir='ltr'><em>τὰ</em></span> 
     </span>
     <span class='ocr_line' id='line_1_12' title="bbox 162 1371 1178 1458; baseline 0 -26"><span class='ocrx_word' id='word_1_117' title='bbox 162 1372 275 1452; x_wconf 85' lang='lat' dir='ltr'><em>ABE,</em></span> <span class='ocrx_word' id='word_1_118' title='bbox 295 1373 398 1434; x_wconf 85' lang='grc' dir='ltr'><em>ΗΕΒ</em></span> <span class='ocrx_word' id='word_1_119' title='bbox 421 1373 501 1453; x_wconf 89' lang='grc' dir='ltr'><em>μίαν</em></span> <span class='ocrx_word' id='word_1_120' title='bbox 524 1375 651 1452; x_wconf 80' lang='grc' dir='ltr'><em>γωνίαν</em></span> <span class='ocrx_word' id='word_1_121' title='bbox 673 1380 733 1457; x_wconf 81' lang='grc' dir='ltr'><em>μιᾷ</em></span> <span class='ocrx_word' id='word_1_122' title='bbox 751 1373 857 1458; x_wconf 82' lang='grc' dir='ltr'><em>γωνίᾳ</em></span> <span class='ocrx_word' id='word_1_123' title='bbox 877 1377 953 1455; x_wconf 80' lang='grc' dir='ltr'><em>ίσην</em></span> <span class='ocrx_word' id='word_1_124' title='bbox 972 1373 1051 1455; x_wconf 80' lang='grc' dir='ltr'><em>ἔχει·</em></span> <span class='ocrx_word' id='word_1_125' title='bbox 1077 1371 1178 1455; x_wconf 88' lang='grc' dir='ltr'><em>ὀρθο-</em></span> 
     </span>
     <span class='ocr_line' id='line_1_13' title="bbox 161 1473 1177 1561; baseline -0.001 -22"><span class='ocrx_word' id='word_1_126' title='bbox 161 1477 266 1557; x_wconf 80' lang='grc' dir='ltr'><em>γώνια</em></span> <span class='ocrx_word' id='word_1_127' title='bbox 289 1477 365 1560; x_wconf 85' lang='grc' dir='ltr'><em>γοίρ·</em></span> <span class='ocrx_word' id='word_1_128' title='bbox 387 1474 464 1561; x_wconf 81' lang='grc' dir='ltr'><em>περὶ</em></span> <span class='ocrx_word' id='word_1_129' title='bbox 487 1473 524 1540; x_wconf 73' lang='grc' dir='ltr'><em>δὲ</em></span> <span class='ocrx_word' id='word_1_130' title='bbox 546 1478 648 1553; x_wconf 79' lang='grc' dir='ltr'><em>όίλλας</em></span> <span class='ocrx_word' id='word_1_131' title='bbox 666 1480 789 1559; x_wconf 79' lang='grc' dir='ltr'><em>γωνίας</em></span> <span class='ocrx_word' id='word_1_132' title='bbox 811 1479 870 1553; x_wconf 79' lang='grc' dir='ltr'><em>τὰς</em></span> <span class='ocrx_word' id='word_1_133' title='bbox 889 1481 929 1561; x_wconf 89' lang='lat' dir='ltr'><em>A,</em></span> <span class='ocrx_word' id='word_1_134' title='bbox 948 1482 988 1541; x_wconf 94' lang='lat' dir='ltr'><em>H</em></span> <span class='ocrx_word' id='word_1_135' title='bbox 1002 1478 1062 1554; x_wconf 81' lang='grc' dir='ltr'><em>τὰς</em></span> <span class='ocrx_word' id='word_1_136' title='bbox 1080 1481 1177 1541; x_wconf 79' lang='grc' dir='ltr'><em>πίεν-</em></span> 
     </span>
     <span class='ocr_line' id='line_1_14' title="bbox 162 1569 1246 1669; baseline -0.001 -23"><span class='ocrx_word' id='word_1_137' title='bbox 162 1583 222 1664; x_wconf 80' lang='grc' dir='ltr'><em>ρὰς</em></span> <span class='ocrx_word' id='word_1_138' title='bbox 245 1581 420 1666; x_wconf 77' lang='grc' dir='ltr'><em>ἀνάλογον,</em></span> <span class='ocrx_word' id='word_1_139' title='bbox 442 1580 498 1646; x_wconf 81' lang='grc' dir='ltr'><em>καὶ</em></span> <span class='ocrx_word' id='word_1_140' title='bbox 521 1594 588 1647; x_wconf 78' lang='grc' dir='ltr'><em>τῶν</em></span> <span class='ocrx_word' id='word_1_141' title='bbox 611 1588 737 1649; x_wconf 79' lang='grc' dir='ltr'><em>λοιπῶν</em></span> <span class='ocrx_word' id='word_1_142' title='bbox 762 1595 895 1666; x_wconf 79' lang='grc' dir='ltr'><em>γωνιῶν</em></span> <span class='ocrx_word' id='word_1_143' title='bbox 918 1581 1055 1669; x_wconf 83' lang='grc' dir='ltr'><em>ἑκατέρα</em></span> <span class='ocrx_word' id='word_1_144' title='bbox 1080 1581 1176 1662; x_wconf 81' lang='grc' dir='ltr'><em>ὀξεῖα,</em></span> <span class='ocrx_word' id='word_1_145' title='bbox 1245 1569 1246 1574; x_wconf 25' lang='lat'>¹</span> 
     </span>
     <span class='ocr_line' id='line_1_15' title="bbox 163 1683 1249 1776; baseline -0.002 -22"><span class='ocrx_word' id='word_1_146' title='bbox 163 1690 259 1773; x_wconf 83' lang='grc' dir='ltr'><em>ὅμοια</em></span> <span class='ocrx_word' id='word_1_147' title='bbox 287 1690 350 1774; x_wconf 86' lang='grc' dir='ltr'><em>όίρα</em></span> <span class='ocrx_word' id='word_1_148' title='bbox 378 1688 446 1753; x_wconf 82' lang='grc' dir='ltr'><em>ἐστὶ</em></span> <span class='ocrx_word' id='word_1_149' title='bbox 469 1690 510 1754; x_wconf 80' lang='grc' dir='ltr'><em>τὰ</em></span> <span class='ocrx_word' id='word_1_150' title='bbox 532 1693 648 1772; x_wconf 89' lang='grc' dir='ltr'><strong>ΑΒΕ,</strong></span> <span class='ocrx_word' id='word_1_151' title='bbox 671 1694 774 1754; x_wconf 86' lang='grc' dir='ltr'><em>ΗΕΒ</em></span> <span class='ocrx_word' id='word_1_152' title='bbox 799 1693 954 1776; x_wconf 89' lang='grc' dir='ltr'><em>τρίγωνα.</em></span> <span class='ocrx_word' id='word_1_153' title='bbox 1000 1690 1046 1766; x_wconf 83' lang='grc' dir='ltr'><em>ὡς</em></span> <span class='ocrx_word' id='word_1_154' title='bbox 1069 1683 1174 1773; x_wconf 79' lang='grc' dir='ltr'><em>ἅραὴ</em></span> <span class='ocrx_word' id='word_1_155' title='bbox 1248 1697 1249 1720; x_wconf 66' lang='lat'>¹</span> 
     </span>
     <span class='ocr_line' id='line_1_16' title="bbox 111 1793 1174 1883; baseline 0.001 -27"><span class='ocrx_word' id='word_1_156' title='bbox 111 1808 143 1855; x_wconf 89' lang='lat'><em>15</em></span> <span class='ocrx_word' id='word_1_157' title='bbox 163 1799 228 1860; x_wconf 96' lang='grc' dir='ltr'><em>ΑΒ</em></span> <span class='ocrx_word' id='word_1_158' title='bbox 251 1797 333 1878; x_wconf 82' lang='grc' dir='ltr'><em>πρὸς</em></span> <span class='ocrx_word' id='word_1_159' title='bbox 354 1799 427 1878; x_wconf 90' lang='grc' dir='ltr'><em>ΒΕ,</em></span> <span class='ocrx_word' id='word_1_160' title='bbox 450 1796 556 1872; x_wconf 80' lang='grc' dir='ltr'><em>οὕτως</em></span> <span class='ocrx_word' id='word_1_161' title='bbox 578 1793 598 1879; x_wconf 80' lang='grc' dir='ltr'><em>ἡ</em></span> <span class='ocrx_word' id='word_1_162' title='bbox 618 1800 689 1860; x_wconf 92' lang='grc' dir='ltr'><strong>ΗΕ</strong></span> <span class='ocrx_word' id='word_1_163' title='bbox 709 1798 792 1882; x_wconf 82' lang='grc' dir='ltr'><em>πρὸς</em></span> <span class='ocrx_word' id='word_1_164' title='bbox 811 1801 889 1862; x_wconf 93' lang='grc' dir='ltr'><em>ΒΕ·</em></span> <span class='ocrx_word' id='word_1_165' title='bbox 915 1803 968 1879; x_wconf 83' lang='grc' dir='ltr'><em>ίση</em></span> <span class='ocrx_word' id='word_1_166' title='bbox 988 1794 1092 1883; x_wconf 76' lang='grc' dir='ltr'><em>όραὴ</em></span> <span class='ocrx_word' id='word_1_167' title='bbox 1114 1796 1174 1860; x_wconf 93' lang='grc' dir='ltr'><em>ΑΒ</em></span> 
     </span>
     <span class='ocr_line' id='line_1_17' title="bbox 163 1887 1250 1989; baseline -0.002 -23"><span class='ocrx_word' id='word_1_168' title='bbox 163 1913 202 1987; x_wconf 82' lang='grc' dir='ltr'><em>τῇ</em></span> <span class='ocrx_word' id='word_1_169' title='bbox 234 1906 314 1966; x_wconf 91' lang='grc' dir='ltr'><em>ΗΕ.</em></span> <span class='ocrx_word' id='word_1_170' title='bbox 369 1901 513 1967; x_wconf 79' lang='grc' dir='ltr'><em>ἑλίττων</em></span> <span class='ocrx_word' id='word_1_171' title='bbox 546 1899 582 1967; x_wconf 72' lang='grc' dir='ltr'><em>δὲ</em></span> <span class='ocrx_word' id='word_1_172' title='bbox 614 1901 633 1984; x_wconf 83' lang='grc' dir='ltr'><em>ἡ</em></span> <span class='ocrx_word' id='word_1_173' title='bbox 667 1907 741 1967; x_wconf 91' lang='grc' dir='ltr'><strong>ΕΗ</strong></span> <span class='ocrx_word' id='word_1_174' title='bbox 772 1913 830 1987; x_wconf 75' lang='grc' dir='ltr'><em>τῆς</em></span> <span class='ocrx_word' id='word_1_175' title='bbox 862 1903 897 1968; x_wconf 83' lang='grc' dir='ltr'><em>έα</em></span> <span class='ocrx_word' id='word_1_176' title='bbox 930 1911 991 1968; x_wconf 85' lang='grc' dir='ltr'><em>τοῦ</em></span> <span class='ocrx_word' id='word_1_177' title='bbox 1022 1903 1175 1989; x_wconf 87' lang='grc' dir='ltr'><em>κέντρου·</em></span> <span class='ocrx_word' id='word_1_178' title='bbox 1249 1887 1250 1890; x_wconf 19' lang='lat'>¹</span> 
     </span>
     <span class='ocr_line' id='line_1_18' title="bbox 163 2003 1174 2092; baseline -0.005 -18"><span class='ocrx_word' id='word_1_179' title='bbox 163 2007 218 2074; x_wconf 82' lang='grc' dir='ltr'><em>καὶ</em></span> <span class='ocrx_word' id='word_1_180' title='bbox 241 2006 260 2090; x_wconf 81' lang='grc' dir='ltr'><em>ἡ</em></span> <span class='ocrx_word' id='word_1_181' title='bbox 285 2012 350 2072; x_wconf 91' lang='lat' dir='ltr'><em>BA</em></span> <span class='ocrx_word' id='word_1_182' title='bbox 373 2010 437 2092; x_wconf 81' lang='grc' dir='ltr'><em>ἄρα</em></span> <span class='ocrx_word' id='word_1_183' title='bbox 459 2007 604 2074; x_wconf 80' lang='grc' dir='ltr'><em>ἐλάττων</em></span> <span class='ocrx_word' id='word_1_184' title='bbox 627 2007 697 2073; x_wconf 83' lang='grc' dir='ltr'><em>ἐστὶ</em></span> <span class='ocrx_word' id='word_1_185' title='bbox 719 2019 776 2092; x_wconf 76' lang='grc' dir='ltr'><em>τῆς</em></span> <span class='ocrx_word' id='word_1_186' title='bbox 799 2009 835 2075; x_wconf 80' lang='grc' dir='ltr'><em>ἐκ</em></span> <span class='ocrx_word' id='word_1_187' title='bbox 857 2018 918 2074; x_wconf 88' lang='grc' dir='ltr'><em>τοῦ</em></span> <span class='ocrx_word' id='word_1_188' title='bbox 940 2007 1093 2091; x_wconf 88' lang='grc' dir='ltr'><em>κέντρου.</em></span> <span class='ocrx_word' id='word_1_189' title='bbox 1123 2003 1174 2072; x_wconf 83' lang='grc' dir='ltr'><em>καὶ</em></span> 
     </span>
     <span class='ocr_line' id='line_1_19' title="bbox 165 2113 1175 2202; baseline -0.006 -20"><span class='ocrx_word' id='word_1_190' title='bbox 165 2113 234 2182; x_wconf 79' lang='grc' dir='ltr'><em>ἐπεὶ</em></span> <span class='ocrx_word' id='word_1_191' title='bbox 261 2117 513 2201; x_wconf 79' lang='grc' dir='ltr'><em>συναμφότερος</em></span> <span class='ocrx_word' id='word_1_192' title='bbox 538 2113 558 2197; x_wconf 84' lang='grc' dir='ltr'><em>ἡ</em></span> <span class='ocrx_word' id='word_1_193' title='bbox 587 2119 688 2180; x_wconf 89' lang='grc' dir='ltr'><em>ΕΑΒ</em></span> <span class='ocrx_word' id='word_1_194' title='bbox 716 2117 970 2202; x_wconf 73' lang='grc' dir='ltr'><em>συναμφοτέρου</em></span> <span class='ocrx_word' id='word_1_195' title='bbox 996 2127 1054 2201; x_wconf 80' lang='grc' dir='ltr'><em>τῆς</em></span> <span class='ocrx_word' id='word_1_196' title='bbox 1076 2117 1175 2182; x_wconf 92' lang='grc' dir='ltr'><em>ΕΑΒ</em></span> 
     </span>
     <span class='ocr_line' id='line_1_20' title="bbox 165 2219 1173 2308; baseline 0.001 -21"><span class='ocrx_word' id='word_1_197' title='bbox 165 2226 282 2307; x_wconf 85' lang='grc' dir='ltr'><em>μείζων</em></span> <span class='ocrx_word' id='word_1_198' title='bbox 306 2220 384 2303; x_wconf 81' lang='grc' dir='ltr'><em>ἐστί,</em></span> <span class='ocrx_word' id='word_1_199' title='bbox 407 2223 465 2284; x_wconf 85' lang='grc' dir='ltr'><em>καί</em></span> <span class='ocrx_word' id='word_1_200' title='bbox 486 2220 590 2305; x_wconf 81' lang='grc' dir='ltr'><em>ἐστιν,</em></span> <span class='ocrx_word' id='word_1_201' title='bbox 613 2223 658 2298; x_wconf 78' lang='grc' dir='ltr'><em>ὡς</em></span> <span class='ocrx_word' id='word_1_202' title='bbox 680 2222 701 2306; x_wconf 80' lang='grc' dir='ltr'><em>ἡ</em></span> <span class='ocrx_word' id='word_1_203' title='bbox 724 2227 791 2288; x_wconf 90' lang='lat' dir='ltr'><em>EA</em></span> <span class='ocrx_word' id='word_1_204' title='bbox 812 2224 896 2308; x_wconf 79' lang='grc' dir='ltr'><em>πρὸς</em></span> <span class='ocrx_word' id='word_1_205' title='bbox 920 2226 1000 2306; x_wconf 91' lang='grc' dir='ltr'><em>ΑΒ,</em></span> <span class='ocrx_word' id='word_1_206' title='bbox 1028 2223 1135 2298; x_wconf 83' lang='grc' dir='ltr'><em>οὕτως</em></span> <span class='ocrx_word' id='word_1_207' title='bbox 1155 2219 1173 2302; x_wconf 79' lang='grc' dir='ltr'>ἡ</span> 
     </span>
     <span class='ocr_line' id='line_1_21' title="bbox 113 2325 1172 2416; baseline 0.006 -28"><span class='ocrx_word' id='word_1_208' title='bbox 113 2341 147 2389; x_wconf 77' lang='lat'><em>20</em></span> <span class='ocrx_word' id='word_1_209' title='bbox 165 2337 233 2396; x_wconf 90' lang='lat' dir='ltr'><em>EA</em></span> <span class='ocrx_word' id='word_1_210' title='bbox 255 2329 337 2414; x_wconf 82' lang='grc' dir='ltr'><em>πρὸς</em></span> <span class='ocrx_word' id='word_1_211' title='bbox 360 2333 392 2391; x_wconf 96' lang='lat' dir='ltr'><em>A</em></span> <span class='ocrx_word' id='word_1_212' title='bbox 398 2331 437 2410; x_wconf 91' lang='grc' dir='ltr'><em>Β,</em></span> <span class='ocrx_word' id='word_1_213' title='bbox 459 2325 515 2391; x_wconf 81' lang='grc' dir='ltr'><em>καὶ</em></span> <span class='ocrx_word' id='word_1_214' title='bbox 538 2327 699 2394; x_wconf 84' lang='grc' dir='ltr'><em>συνθέντι</em></span> <span class='ocrx_word' id='word_1_215' title='bbox 722 2331 796 2416; x_wconf 82' lang='grc' dir='ltr'><em>ίίρα,</em></span> <span class='ocrx_word' id='word_1_216' title='bbox 820 2330 865 2405; x_wconf 79' lang='grc' dir='ltr'><em>ὡς</em></span> <span class='ocrx_word' id='word_1_217' title='bbox 887 2325 1172 2415; x_wconf 83' lang='grc' dir='ltr'><em>συναμφότεροςὴ</em></span> 
     </span>
     <span class='ocr_line' id='line_1_22' title="bbox 166 2435 1174 2522; baseline -0.003 -20"><span class='ocrx_word' id='word_1_218' title='bbox 166 2440 265 2503; x_wconf 91' lang='grc' dir='ltr'><em>ΕΑΒ</em></span> <span class='ocrx_word' id='word_1_219' title='bbox 293 2437 377 2520; x_wconf 75' lang='grc' dir='ltr'><em>πρὸς</em></span> <span class='ocrx_word' id='word_1_220' title='bbox 403 2440 483 2518; x_wconf 91' lang='grc' dir='ltr'><em>ΒΑ,</em></span> <span class='ocrx_word' id='word_1_221' title='bbox 512 2435 618 2512; x_wconf 77' lang='grc' dir='ltr'><em>οὕτως</em></span> <span class='ocrx_word' id='word_1_222' title='bbox 645 2439 895 2522; x_wconf 75' lang='grc' dir='ltr'><em>συναμφότερος</em></span> <span class='ocrx_word' id='word_1_223' title='bbox 922 2436 943 2520; x_wconf 79' lang='grc' dir='ltr'><em>ἡ</em></span> <span class='ocrx_word' id='word_1_224' title='bbox 971 2441 1073 2501; x_wconf 88' lang='grc' dir='ltr'><em>ΕΑΒ</em></span> <span class='ocrx_word' id='word_1_225' title='bbox 1096 2435 1174 2520; x_wconf 81' lang='grc' dir='ltr'><em>πρὸς</em></span> 
     </span>
     <span class='ocr_line' id='line_1_23' title="bbox 167 2540 1172 2629; baseline -0.004 -21"><span class='ocrx_word' id='word_1_226' title='bbox 167 2548 247 2626; x_wconf 90' lang='grc' dir='ltr'><em>ΒΑ,</em></span> <span class='ocrx_word' id='word_1_227' title='bbox 274 2541 329 2607; x_wconf 82' lang='grc' dir='ltr'><em>καὶ</em></span> <span class='ocrx_word' id='word_1_228' title='bbox 357 2541 507 2620; x_wconf 79' lang='grc' dir='ltr'><em>έναλλοίξ·</em></span> <span class='ocrx_word' id='word_1_229' title='bbox 540 2546 658 2627; x_wconf 80' lang='grc' dir='ltr'><em>μείζων</em></span> <span class='ocrx_word' id='word_1_230' title='bbox 690 2540 727 2608; x_wconf 75' lang='grc' dir='ltr'><em>δὲ</em></span> <span class='ocrx_word' id='word_1_231' title='bbox 756 2545 1006 2629; x_wconf 74' lang='grc' dir='ltr'><em>συναμφότερος</em></span> <span class='ocrx_word' id='word_1_232' title='bbox 1032 2543 1053 2626; x_wconf 78' lang='grc' dir='ltr'><em>ἡ</em></span> <span class='ocrx_word' id='word_1_233' title='bbox 1078 2543 1172 2608; x_wconf 87' lang='grc' dir='ltr'><em>ΕΑΒ</em></span> 
     </span>
     <span class='ocr_line' id='line_1_24' title="bbox 167 2647 1173 2736; baseline -0.002 -21"><span class='ocrx_word' id='word_1_234' title='bbox 167 2647 421 2733; x_wconf 86' lang='grc' dir='ltr'><em>συναμφοτέρου</em></span> <span class='ocrx_word' id='word_1_235' title='bbox 451 2658 509 2731; x_wconf 76' lang='grc' dir='ltr'><em>τῆς</em></span> <span class='ocrx_word' id='word_1_236' title='bbox 535 2653 649 2714; x_wconf 90' lang='lat' dir='ltr'><em>EAB·</em></span> <span class='ocrx_word' id='word_1_237' title='bbox 676 2653 795 2733; x_wconf 80' lang='grc' dir='ltr'><em>μείζων</em></span> <span class='ocrx_word' id='word_1_238' title='bbox 822 2652 886 2736; x_wconf 83' lang='grc' dir='ltr'><em>όίρα</em></span> <span class='ocrx_word' id='word_1_239' title='bbox 909 2647 964 2714; x_wconf 81' lang='grc' dir='ltr'><em>καὶ</em></span> <span class='ocrx_word' id='word_1_240' title='bbox 987 2649 1008 2732; x_wconf 79' lang='grc' dir='ltr'><strong><em>ἡ</em></strong></span> <span class='ocrx_word' id='word_1_241' title='bbox 1033 2653 1098 2715; x_wconf 91' lang='grc' dir='ltr'><em>ΑΒ</em></span> <span class='ocrx_word' id='word_1_242' title='bbox 1121 2656 1173 2730; x_wconf 76' lang='grc' dir='ltr'><em>τῆς</em></span> 
     </span>
     <span class='ocr_line' id='line_1_25' title="bbox 167 2751 1172 2842; baseline -0.002 -22"><span class='ocrx_word' id='word_1_243' title='bbox 167 2761 243 2820; x_wconf 91' lang='lat' dir='ltr'><em>BA.</em></span> <span class='ocrx_word' id='word_1_244' title='bbox 289 2753 423 2837; x_wconf 75' lang='grc' dir='ltr'><em>ἐδείχθη</em></span> <span class='ocrx_word' id='word_1_245' title='bbox 446 2751 483 2818; x_wconf 74' lang='grc' dir='ltr'><em>δὲ</em></span> <span class='ocrx_word' id='word_1_246' title='bbox 505 2754 526 2838; x_wconf 81' lang='grc' dir='ltr'><em>ἡ</em></span> <span class='ocrx_word' id='word_1_247' title='bbox 550 2758 614 2819; x_wconf 93' lang='grc' dir='ltr'><em>ΑΒ</em></span> <span class='ocrx_word' id='word_1_248' title='bbox 637 2754 781 2821; x_wconf 83' lang='grc' dir='ltr'><em>έίοίττων</em></span> <span class='ocrx_word' id='word_1_249' title='bbox 804 2765 865 2840; x_wconf 73' lang='grc' dir='ltr'><em>τῆς</em></span> <span class='ocrx_word' id='word_1_250' title='bbox 885 2755 920 2821; x_wconf 87' lang='grc' dir='ltr'><em>έκ</em></span> <span class='ocrx_word' id='word_1_251' title='bbox 943 2765 1003 2821; x_wconf 86' lang='grc' dir='ltr'><em>τοῦ</em></span> <span class='ocrx_word' id='word_1_252' title='bbox 1026 2755 1172 2842; x_wconf 83' lang='grc' dir='ltr'><em>κέντρου·</em></span> 
     </span>
     <span class='ocr_line' id='line_1_26' title="bbox 115 2859 473 2946; baseline 0.003 -23"><span class='ocrx_word' id='word_1_253' title='bbox 115 2874 148 2923; x_wconf 80' lang='lat'><em>25</em></span> <span class='ocrx_word' id='word_1_254' title='bbox 168 2864 247 2946; x_wconf 78' lang='grc' dir='ltr'><em>ὅπερ</em></span> <span class='ocrx_word' id='word_1_255' title='bbox 271 2861 338 2926; x_wconf 75' lang='grc' dir='ltr'><em>ἔδει</em></span> <span class='ocrx_word' id='word_1_256' title='bbox 360 2859 473 2938; x_wconf 73' lang='grc' dir='ltr'><em>δείξαι.</em></span> 
     </span>
    </p>
   </div>
   <div class='ocr_carea' id='block_1_3' title="bbox 239 3016 1171 3110">
    <p class='ocr_par' dir='ltr' id='par_1_3' title="bbox 239 3016 1171 3110">
     <span class='ocr_line' id='line_1_27' title="bbox 239 3016 1171 3110; baseline -0.002 -37"><span class='ocrx_word' id='word_1_257' title='bbox 239 3025 264 3073; x_wconf 78' lang='lat'><em>2.</em></span> <span class='ocrx_word' id='word_1_258' title='bbox 284 3019 340 3090; x_wconf 71' lang='grc' dir='ltr'><em>λγ]</em></span> <span class='ocrx_word' id='word_1_259' title='bbox 359 3018 440 3088; x_wconf 68' lang='grc' dir='ltr'><em>Ετο,</em></span> <span class='ocrx_word' id='word_1_260' title='bbox 459 3018 506 3071; x_wconf 79' lang='grc' dir='ltr'><em>λα’</em></span> <span class='ocrx_word' id='word_1_261' title='bbox 521 3037 548 3088; x_wconf 90' lang='lat' dir='ltr'><em>p.</em></span> <span class='ocrx_word' id='word_1_262' title='bbox 620 3026 646 3074; x_wconf 78' lang='lat'><em>4.</em></span> <span class='ocrx_word' id='word_1_263' title='bbox 666 3022 728 3092; x_wconf 88' lang='lat' dir='ltr'><em>BA]</em></span> <span class='ocrx_word' id='word_1_264' title='bbox 747 3037 821 3110; x_wconf 68' lang='grc' dir='ltr'><em>τοχη</em></span> <span class='ocrx_word' id='word_1_265' title='bbox 846 3025 868 3073; x_wconf 90' lang='grc' dir='ltr'><strong>Β</strong></span> <span class='ocrx_word' id='word_1_266' title='bbox 886 3019 998 3074; x_wconf 79' lang='lat' dir='ltr'>macula</span> <span class='ocrx_word' id='word_1_267' title='bbox 1017 3020 1123 3074; x_wconf 82' lang='lat' dir='ltr'><strong>obscur.</strong></span> <span class='ocrx_word' id='word_1_268' title='bbox 1141 3016 1171 3083; x_wconf 86' lang='lat' dir='ltr'><em>V,</em></span> 
     </span>
    </p>
   </div>
   <div class='ocr_carea' id='block_1_4' title="bbox 168 3087 774 3217">
    <p class='ocr_par' dir='ltr' id='par_1_4' title="bbox 168 3087 774 3217">
     <span class='ocr_line' id='line_1_28' title="bbox 168 3087 774 3217; baseline -0.002 -71"><span class='ocrx_word' id='word_1_269' title='bbox 168 3095 351 3162; x_wconf 80' lang='lat' dir='ltr'><em>mg.Bm.1.</em></span> <span class='ocrx_word' id='word_1_270' title='bbox 407 3095 430 3144; x_wconf 78' lang='lat'><em>5.</em></span> <span class='ocrx_word' id='word_1_271' title='bbox 446 3087 545 3161; x_wconf 74' lang='grc' dir='ltr'><em>οὕτως]</em></span> <span class='ocrx_word' id='word_1_272' title='bbox 560 3107 613 3144; x_wconf 89' lang='lat' dir='ltr'><em>om.</em></span> <span class='ocrx_word' id='word_1_273' title='bbox 624 3109 651 3160; x_wconf 90' lang='lat' dir='ltr'><em>p.</em></span> <span class='ocrx_word' id='word_1_274' title='bbox 706 3089 774 3217; x_wconf 75' lang='lat' dir='ltr'><em>nal]</em></span> 
     </span>
    </p>
   </div>
   <div class='ocr_carea' id='block_1_5' title="bbox 170 3092 1169 3232">
    <p class='ocr_par' dir='ltr' id='par_1_5' title="bbox 170 3092 1169 3232">
     <span class='ocr_line' id='line_1_29' title="bbox 170 3092 1169 3232; baseline -0.079 -14"><span class='ocrx_word' id='word_1_275' title='bbox 170 3160 569 3231; x_wconf 64' lang='lat' dir='ltr'><em>eorr.ex{⁷”tm.1V(,„„„2</em></span> <span class='ocrx_word' id='word_1_276' title='bbox 589 3163 697 3232; x_wconf 37' lang='lat' dir='ltr'><em>comp),</em></span> <span class='ocrx_word' id='word_1_277' title='bbox 717 3167 742 3217; x_wconf 75' lang='grc' dir='ltr'>Ε</span> <span class='ocrx_word' id='word_1_278' title='bbox 784 3094 866 3158; x_wconf 75' lang='grc' dir='ltr'><em>ηθω</em></span> <span class='ocrx_word' id='word_1_279' title='bbox 880 3093 916 3159; x_wconf 74' lang='grc' dir='ltr'><em>θη</em></span> <span class='ocrx_word' id='word_1_280' title='bbox 930 3109 956 3160; x_wconf 85' lang='lat' dir='ltr'><em>P·</em></span> <span class='ocrx_word' id='word_1_281' title='bbox 1009 3092 1134 3162; x_wconf 68' lang='lat' dir='ltr'><em>Eum]</em></span> <span class='ocrx_word' id='word_1_282' title='bbox 1146 3105 1169 3158; x_wconf 86' lang='lat' dir='ltr'><em>p,</em></span> 
     </span>
    </p>
   </div>
   <div class='ocr_carea' id='block_1_6' title="bbox 170 3113 1172 3591">
    <p class='ocr_par' dir='ltr' id='par_1_6' title="bbox 170 3113 1172 3591">
     <span class='ocr_line' id='line_1_30' title="bbox 775 3113 1170 3234; baseline -0.01 -18"><span class='ocrx_word' id='word_1_283' title='bbox 775 3113 870 3216; x_wconf 58' lang='lat' dir='ltr'>ufvo.</span> <span class='ocrx_word' id='word_1_284' title='bbox 927 3169 951 3216; x_wconf 87' lang='lat'><em>6.</em></span> <span class='ocrx_word' id='word_1_285' title='bbox 970 3161 1064 3234; x_wconf 79' lang='grc' dir='ltr'><em>ἤχθω]</em></span> <span class='ocrx_word' id='word_1_286' title='bbox 1084 3180 1134 3216; x_wconf 88' lang='lat' dir='ltr'><em>om.</em></span> <span class='ocrx_word' id='word_1_287' title='bbox 1147 3176 1170 3229; x_wconf 86' lang='lat' dir='ltr'><em>p.</em></span> 
     </span>
     <span class='ocr_line' id='line_1_31' title="bbox 205 3230 1169 3358; baseline 0.001 -71"><span class='ocrx_word' id='word_1_288' title='bbox 205 3239 229 3288; x_wconf 86' lang='lat'><em>8.</em></span> <span class='ocrx_word' id='word_1_289' title='bbox 249 3235 318 3306; x_wconf 78' lang='lat' dir='ltr'><em>AB]</em></span> <span class='ocrx_word' id='word_1_290' title='bbox 337 3252 364 3303; x_wconf 86' lang='lat' dir='ltr'><em>p,</em></span> <span class='ocrx_word' id='word_1_291' title='bbox 384 3236 439 3287; x_wconf 81' lang='grc' dir='ltr'><em>ΛΕ</em></span> <span class='ocrx_word' id='word_1_292' title='bbox 457 3232 510 3286; x_wconf 79' lang='lat' dir='ltr'><em>vc.</em></span> <span class='ocrx_word' id='word_1_293' title='bbox 576 3237 601 3287; x_wconf 81' lang='grc' dir='ltr'><em>ο,</em></span> <span class='ocrx_word' id='word_1_294' title='bbox 620 3230 765 3290; x_wconf 71' lang='grc' dir='ltr'><em>και-ιο,</em></span> <span class='ocrx_word' id='word_1_295' title='bbox 781 3235 848 3305; x_wconf 82' lang='grc' dir='ltr'><em>ΗΒ]</em></span> <span class='ocrx_word' id='word_1_296' title='bbox 868 3250 920 3288; x_wconf 87' lang='lat' dir='ltr'><em>om.</em></span> <span class='ocrx_word' id='word_1_297' title='bbox 937 3250 959 3288; x_wconf 83' lang='lat'><em>0.</em></span> <span class='ocrx_word' id='word_1_298' title='bbox 1025 3239 1049 3287; x_wconf 82' lang='grc' dir='ltr'><em>ο.</em></span> <span class='ocrx_word' id='word_1_299' title='bbox 1069 3233 1169 3358; x_wconf 65' lang='grc' dir='ltr'><em>ταχυ,</em></span> 
     </span>
     <span class='ocr_line' id='line_1_32' title="bbox 171 3303 1171 3375; baseline -0.005 -16"><span class='ocrx_word' id='word_1_300' title='bbox 171 3308 224 3359; x_wconf 82' lang='grc' dir='ltr'><em>ΒΘ</em></span> <span class='ocrx_word' id='word_1_301' title='bbox 242 3304 275 3359; x_wconf 89' lang='lat' dir='ltr'><em>V.</em></span> <span class='ocrx_word' id='word_1_302' title='bbox 368 3310 409 3358; x_wconf 79' lang='lat'><em>12.</em></span> <span class='ocrx_word' id='word_1_303' title='bbox 428 3305 465 3375; x_wconf 92' lang='lat' dir='ltr'><em>A]</em></span> <span class='ocrx_word' id='word_1_304' title='bbox 484 3303 671 3370; x_wconf 78' lang='grc' dir='ltr'><em>τρόςτοϊςΑ</em></span> <span class='ocrx_word' id='word_1_305' title='bbox 690 3323 717 3374; x_wconf 88' lang='lat' dir='ltr'><em>p.</em></span> <span class='ocrx_word' id='word_1_306' title='bbox 809 3310 850 3358; x_wconf 78' lang='lat'><em>15.</em></span> <span class='ocrx_word' id='word_1_307' title='bbox 869 3305 1026 3375; x_wconf 64' lang='lat' dir='ltr'><em>7](pr.)]p‚</em></span> <span class='ocrx_word' id='word_1_308' title='bbox 1052 3321 1106 3360; x_wconf 87' lang='lat' dir='ltr'><em>om.</em></span> <span class='ocrx_word' id='word_1_309' title='bbox 1151 3317 1171 3354; x_wconf 89' lang='grc' dir='ltr'><em>ο.</em></span> 
     </span>
     <span class='ocr_line' id='line_1_33' title="bbox 207 3371 1169 3498; baseline -0.003 -70"><span class='ocrx_word' id='word_1_310' title='bbox 207 3380 248 3428; x_wconf 87' lang='grc'><em>16.</em></span> <span class='ocrx_word' id='word_1_311' title='bbox 264 3377 337 3447; x_wconf 85' lang='grc' dir='ltr'><strong>ΕΗ]</strong></span> <span class='ocrx_word' id='word_1_312' title='bbox 350 3379 379 3429; x_wconf 90' lang='grc' dir='ltr'><strong>Η</strong></span> <span class='ocrx_word' id='word_1_313' title='bbox 383 3378 408 3428; x_wconf 88' lang='grc' dir='ltr'><strong>Ε</strong></span> <span class='ocrx_word' id='word_1_314' title='bbox 421 3393 447 3444; x_wconf 93' lang='lat' dir='ltr'><em>p.</em></span> <span class='ocrx_word' id='word_1_315' title='bbox 495 3380 537 3427; x_wconf 79' lang='lat'><em>17.</em></span> <span class='ocrx_word' id='word_1_316' title='bbox 552 3372 600 3429; x_wconf 83' lang='grc' dir='ltr'><em>καί</em></span> <span class='ocrx_word' id='word_1_317' title='bbox 610 3378 673 3498; x_wconf 71' lang='grc' dir='ltr'><em>(ρο.)</em></span> <span class='ocrx_word' id='word_1_318' title='bbox 694 3393 764 3445; x_wconf 80' lang='lat' dir='ltr'><em>vop,</em></span> <span class='ocrx_word' id='word_1_319' title='bbox 780 3375 895 3430; x_wconf 77' lang='lat' dir='ltr'><strong>sustulit</strong></span> <span class='ocrx_word' id='word_1_320' title='bbox 908 3374 1091 3430; x_wconf 72' lang='lat' dir='ltr'><strong>resarcinatio</strong></span> <span class='ocrx_word' id='word_1_321' title='bbox 1105 3371 1169 3429; x_wconf 82' lang='lat' dir='ltr'><strong>inV.</strong></span> 
     </span>
     <span class='ocr_line' id='line_1_34' title="bbox 208 3442 1169 3517; baseline -0.001 -20"><span class='ocrx_word' id='word_1_322' title='bbox 208 3447 270 3516; x_wconf 90' lang='lat' dir='ltr'><em>BA]</em></span> <span class='ocrx_word' id='word_1_323' title='bbox 289 3464 316 3515; x_wconf 82' lang='lat' dir='ltr'><em>p,</em></span> <span class='ocrx_word' id='word_1_324' title='bbox 337 3451 390 3500; x_wconf 84' lang='lat' dir='ltr'><em>BA</em></span> <span class='ocrx_word' id='word_1_325' title='bbox 408 3445 461 3499; x_wconf 85' lang='lat' dir='ltr'><em>Vc.</em></span> <span class='ocrx_word' id='word_1_326' title='bbox 535 3442 584 3499; x_wconf 84' lang='grc' dir='ltr'><em>καί</em></span> <span class='ocrx_word' id='word_1_327' title='bbox 598 3448 668 3515; x_wconf 75' lang='lat' dir='ltr'>(at.)</span> <span class='ocrx_word' id='word_1_328' title='bbox 701 3464 772 3516; x_wconf 80' lang='lat' dir='ltr'><em>vop,</em></span> <span class='ocrx_word' id='word_1_329' title='bbox 791 3446 881 3517; x_wconf 83' lang='lat' dir='ltr'>suppl.</span> <span class='ocrx_word' id='word_1_330' title='bbox 900 3465 936 3500; x_wconf 92' lang='lat' dir='ltr'><em>m.</em></span> <span class='ocrx_word' id='word_1_331' title='bbox 955 3463 1008 3501; x_wconf 81' lang='lat' dir='ltr'><strong>rec.</strong></span> <span class='ocrx_word' id='word_1_332' title='bbox 1028 3447 1060 3501; x_wconf 92' lang='lat' dir='ltr'><em>V.</em></span> <span class='ocrx_word' id='word_1_333' title='bbox 1133 3445 1169 3499; x_wconf 77' lang='lat'><em>18.</em></span> 
     </span>
     <span class='ocr_line' id='line_1_35' title="bbox 170 3513 1172 3591; baseline 0.004 -26"><span class='ocrx_word' id='word_1_334' title='bbox 170 3515 331 3583; x_wconf 56' lang='lat' dir='ltr'><em>vamme.</em></span> <span class='ocrx_word' id='word_1_335' title='bbox 389 3517 592 3587; x_wconf 55' lang='grc' dir='ltr'><em>ναίηται).</em></span> <span class='ocrx_word' id='word_1_336' title='bbox 648 3519 842 3591; x_wconf 76' lang='lat' dir='ltr'><em>21.EA13]p‚</em></span> <span class='ocrx_word' id='word_1_337' title='bbox 864 3517 1010 3572; x_wconf 72' lang='lat' dir='ltr'><em>EBAVc.</em></span> <span class='ocrx_word' id='word_1_338' title='bbox 1063 3513 1172 3585; x_wconf 67' lang='grc' dir='ltr'><em>οντα]</em></span> 
     </span>
    </p>
   </div>
   <div class='ocr_carea' id='block_1_7' title="bbox 0 0 1256 3928">
    <p class='ocr_par' dir='ltr' id='par_1_7' title="bbox 0 0 1256 3928">
     <span class='ocr_line' id='line_1_36' title="bbox 0 0 1256 3928; baseline 0 0"><span class='ocrx_word' id='word_1_339' title='bbox 0 0 1256 3928; x_wconf 95' lang='lat' dir='ltr'><em> </em></span> 
     </span>
    </p>
   </div>
  </div>
 </body>
</html>
