<?xml version="1.0" encoding="UTF-8"?>
<!DOCTYPE html PUBLIC "-//W3C//DTD XHTML 1.0 Transitional//EN"
    "http://www.w3.org/TR/xhtml1/DTD/xhtml1-transitional.dtd">
<html xmlns="http://www.w3.org/1999/xhtml" xml:lang="en" lang="en">
 <head>
  <title>
</title>
<meta http-equiv="Content-Type" content="text/html;charset=utf-8" />
  <meta name='ocr-system' content='tesseract 3.04.00' />
  <meta name='ocr-capabilities' content='ocr_page ocr_carea ocr_par ocr_line ocrx_word'/>
</head>
<body>
  <div class='ocr_page' id='page_1' title='image "./sereniantinoens00heibgoog_0037.png"; bbox 0 0 2574 3934; ppageno 0'>
   <div class='ocr_carea' id='block_1_1' title="bbox 170 159 909 224">
    <p class='ocr_par' dir='ltr' id='par_1_1' title="bbox 170 159 909 224">
     <span class='ocr_line' id='line_1_1' title="bbox 170 159 909 224; baseline -0.003 -11"><span class='ocrx_word' id='word_1_1' title='bbox 170 162 211 224; x_wconf 83' lang='grc'><strong><em>12</em></strong></span> <span class='ocrx_word' id='word_1_2' title='bbox 437 161 524 212; x_wconf 84' lang='grc' dir='ltr'><strong>ΠΕΡΙ</strong></span> <span class='ocrx_word' id='word_1_3' title='bbox 542 159 756 212; x_wconf 80' lang='grc' dir='ltr'><strong>ΚΤΛΙΝΔΡΟΤ</strong></span> <span class='ocrx_word' id='word_1_4' title='bbox 774 159 909 211; x_wconf 88' lang='grc' dir='ltr'><strong>ΤΟΜΗΣ.</strong></span> 
     </span>
    </p>
   </div>
   <div class='ocr_carea' id='block_1_2' title="bbox 101 354 1273 2780">
    <p class='ocr_par' dir='ltr' id='par_1_2' title="bbox 211 354 1185 542">
     <span class='ocr_line' id='line_1_2' title="bbox 649 354 694 412; baseline 0 -19"><span class='ocrx_word' id='word_1_5' title='bbox 649 354 694 412; x_wconf 89' lang='grc' dir='ltr'><strong><em>γ.</em></strong></span> 
     </span>
     <span class='ocr_line' id='line_1_3' title="bbox 211 453 1185 542; baseline -0.005 -21"><span class='ocrx_word' id='word_1_6' title='bbox 211 454 309 521; x_wconf 71' lang='grc' dir='ltr'><strong><em>ιἘδιν</em></strong></span> <span class='ocrx_word' id='word_1_7' title='bbox 349 455 527 541; x_wconf 76' lang='grc' dir='ltr'><strong><em>κύλινδρος</em></strong></span> <span class='ocrx_word' id='word_1_8' title='bbox 568 453 709 542; x_wconf 75' lang='grc' dir='ltr'><strong><em>ἐπιπέδῳ</em></strong></span> <span class='ocrx_word' id='word_1_9' title='bbox 751 460 862 538; x_wconf 84' lang='grc' dir='ltr'><strong><em>τμηθή</em></strong></span> <span class='ocrx_word' id='word_1_10' title='bbox 898 455 1097 540; x_wconf 76' lang='grc' dir='ltr'><strong><em>παραλλήλῳ</em></strong></span> <span class='ocrx_word' id='word_1_11' title='bbox 1136 463 1185 541; x_wconf 82' lang='grc' dir='ltr'><strong><em>τῳ</em></strong></span> 
     </span>
    </p>

    <p class='ocr_par' dir='ltr' id='par_1_3' title="bbox 117 560 1271 756">
     <span class='ocr_line' id='line_1_4' title="bbox 117 560 1271 652; baseline -0.001 -25"><span class='ocrx_word' id='word_1_12' title='bbox 117 646 119 652; x_wconf 53' lang='lat'>.</span> <span class='ocrx_word' id='word_1_13' title='bbox 171 564 227 628; x_wconf 83' lang='grc' dir='ltr'><strong><em>διά</em></strong></span> <span class='ocrx_word' id='word_1_14' title='bbox 249 572 309 627; x_wconf 86' lang='grc' dir='ltr'><strong><em>τοῦ</em></strong></span> <span class='ocrx_word' id='word_1_15' title='bbox 333 561 449 640; x_wconf 76' lang='grc' dir='ltr'><strong><em>ἄξονος</em></strong></span> <span class='ocrx_word' id='word_1_16' title='bbox 471 561 811 648; x_wconf 75' lang='grc' dir='ltr'><strong><em>παραλληλογράμμῳ,</em></strong></span> <span class='ocrx_word' id='word_1_17' title='bbox 834 560 954 644; x_wconf 86' lang='grc' dir='ltr'><strong><em>ήτομή</em></strong></span> <span class='ocrx_word' id='word_1_18' title='bbox 973 564 1185 646; x_wconf 90' lang='grc' dir='ltr'><strong><em>παραλληλό-</em></strong></span> <span class='ocrx_word' id='word_1_19' title='bbox 1270 593 1271 640; x_wconf 47' lang='lat' dir='ltr'><strong><em>g</em></strong></span> 
     </span>
     <span class='ocr_line' id='line_1_5' title="bbox 170 666 1187 756; baseline -0.002 -22"><span class='ocrx_word' id='word_1_20' title='bbox 170 694 321 756; x_wconf 90' lang='grc' dir='ltr'><strong><em>γραμμον</em></strong></span> <span class='ocrx_word' id='word_1_21' title='bbox 348 674 438 734; x_wconf 80' lang='grc' dir='ltr'><strong><em>ἔσται</em></strong></span> <span class='ocrx_word' id='word_1_22' title='bbox 467 670 549 745; x_wconf 76' lang='grc' dir='ltr'><strong><em>ἴσας’</em></strong></span> <span class='ocrx_word' id='word_1_23' title='bbox 567 671 690 751; x_wconf 78' lang='grc' dir='ltr'><strong><em>γωνίας</em></strong></span> <span class='ocrx_word' id='word_1_24' title='bbox 716 670 792 751; x_wconf 80' lang='grc' dir='ltr'><strong><em>ἔχον</em></strong></span> <span class='ocrx_word' id='word_1_25' title='bbox 819 676 864 754; x_wconf 77' lang='grc' dir='ltr'><strong><em>τῷ</em></strong></span> <span class='ocrx_word' id='word_1_26' title='bbox 893 667 949 730; x_wconf 83' lang='grc' dir='ltr'><strong><em>διδ</em></strong></span> <span class='ocrx_word' id='word_1_27' title='bbox 975 675 1035 732; x_wconf 85' lang='grc' dir='ltr'><strong><em>τοῦ</em></strong></span> <span class='ocrx_word' id='word_1_28' title='bbox 1063 666 1187 745; x_wconf 86' lang='grc' dir='ltr'><strong><em>άξονος</em></strong></span> 
     </span>
    </p>

    <p class='ocr_par' dir='ltr' id='par_1_4' title="bbox 135 776 507 864">
     <span class='ocr_line' id='line_1_6' title="bbox 135 776 507 864; baseline 0.013 -29"><span class='ocrx_word' id='word_1_29' title='bbox 135 788 150 835; x_wconf 83' lang='grc'>5</span> <span class='ocrx_word' id='word_1_30' title='bbox 168 776 507 864; x_wconf 77' lang='grc' dir='ltr'><strong><em>παραλληλογράμμῳ.</em></strong></span> 
     </span>
    </p>

    <p class='ocr_par' dir='ltr' id='par_1_5' title="bbox 169 877 1189 1074">
     <span class='ocr_line' id='line_1_7' title="bbox 237 877 1187 970; baseline -0.001 -23"><span class='ocrx_word' id='word_1_31' title='bbox 237 886 318 970; x_wconf 80' lang='grc' dir='ltr'><strong><em>ἔστω</em></strong></span> <span class='ocrx_word' id='word_1_32' title='bbox 342 881 534 968; x_wconf 75' lang='grc' dir='ltr'><strong><em>κύλινδρος,</em></strong></span> <span class='ocrx_word' id='word_1_33' title='bbox 564 878 605 947; x_wconf 87' lang='grc' dir='ltr'><strong><em>οὗ</em></strong></span> <span class='ocrx_word' id='word_1_34' title='bbox 631 880 743 965; x_wconf 84' lang='grc' dir='ltr'><strong><em>βάσεις</em></strong></span> <span class='ocrx_word' id='word_1_35' title='bbox 769 877 830 966; x_wconf 73' lang='grc' dir='ltr'><strong><em>μέν</em></strong></span> <span class='ocrx_word' id='word_1_36' title='bbox 857 883 892 947; x_wconf 81' lang='grc' dir='ltr'><strong><em>οἱ</em></strong></span> <span class='ocrx_word' id='word_1_37' title='bbox 915 879 991 964; x_wconf 86' lang='grc' dir='ltr'><strong><em>περὶ</em></strong></span> <span class='ocrx_word' id='word_1_38' title='bbox 1017 883 1057 946; x_wconf 82' lang='grc' dir='ltr'><strong><em>τά</em></strong></span> <span class='ocrx_word' id='word_1_39' title='bbox 1085 887 1133 965; x_wconf 91' lang='grc' dir='ltr'><strong><em>Α,</em></strong></span> <span class='ocrx_word' id='word_1_40' title='bbox 1153 887 1187 946; x_wconf 92' lang='grc' dir='ltr'><strong><em>Β</em></strong></span> 
     </span>
     <span class='ocr_line' id='line_1_8' title="bbox 169 984 1189 1074; baseline -0.001 -20"><span class='ocrx_word' id='word_1_41' title='bbox 169 989 289 1074; x_wconf 79' lang='grc' dir='ltr'><strong><em>κέντρα</em></strong></span> <span class='ocrx_word' id='word_1_42' title='bbox 311 988 443 1071; x_wconf 92' lang='grc' dir='ltr'><strong><em>κύκλοι,</em></strong></span> <span class='ocrx_word' id='word_1_43' title='bbox 469 987 556 1066; x_wconf 80' lang='grc' dir='ltr'><strong><em>ἄξων</em></strong></span> <span class='ocrx_word' id='word_1_44' title='bbox 579 984 616 1052; x_wconf 72' lang='grc' dir='ltr'><strong><em>δέ</em></strong></span> <span class='ocrx_word' id='word_1_45' title='bbox 638 988 658 1072; x_wconf 82' lang='grc' dir='ltr'><strong><em>ἡ</em></strong></span> <span class='ocrx_word' id='word_1_46' title='bbox 682 992 747 1052; x_wconf 88' lang='grc' dir='ltr'><strong><em>ΑΒ</em></strong></span> <span class='ocrx_word' id='word_1_47' title='bbox 771 988 897 1072; x_wconf 84' lang='grc' dir='ltr'><strong><em>εὐθεῖα,</em></strong></span> <span class='ocrx_word' id='word_1_48' title='bbox 919 989 956 1052; x_wconf 95' lang='grc' dir='ltr'><strong><em>τὸ</em></strong></span> <span class='ocrx_word' id='word_1_49' title='bbox 980 984 1017 1052; x_wconf 72' lang='grc' dir='ltr'><strong><em>δέ</em></strong></span> <span class='ocrx_word' id='word_1_50' title='bbox 1040 989 1096 1052; x_wconf 86' lang='grc' dir='ltr'><strong><em>διά</em></strong></span> <span class='ocrx_word' id='word_1_51' title='bbox 1120 997 1189 1053; x_wconf 86' lang='grc' dir='ltr'><strong><em>τοῦ</em></strong></span> 
     </span>
    </p>

    <p class='ocr_par' dir='ltr' id='par_1_6' title="bbox 101 1093 1190 1290">
     <span class='ocr_line' id='line_1_9' title="bbox 101 1093 1189 1181; baseline -0.001 -19"><span class='ocrx_word' id='word_1_52' title='bbox 101 1155 106 1162; x_wconf 93' lang='grc'>.</span> <span class='ocrx_word' id='word_1_53' title='bbox 170 1095 287 1174; x_wconf 81' lang='grc' dir='ltr'><strong><em>ἄξονος</em></strong></span> <span class='ocrx_word' id='word_1_54' title='bbox 317 1099 660 1181; x_wconf 89' lang='grc' dir='ltr'><strong><em>παραλληλόγραμμον</em></strong></span> <span class='ocrx_word' id='word_1_55' title='bbox 691 1096 727 1160; x_wconf 87' lang='grc' dir='ltr'><strong><em>τὸ</em></strong></span> <span class='ocrx_word' id='word_1_56' title='bbox 762 1097 840 1177; x_wconf 86' lang='grc' dir='ltr'><strong><em>ΓΔ,</em></strong></span> <span class='ocrx_word' id='word_1_57' title='bbox 873 1093 929 1159; x_wconf 79' lang='grc' dir='ltr'><strong><em>καὶ</em></strong></span> <span class='ocrx_word' id='word_1_58' title='bbox 959 1096 1132 1179; x_wconf 78' lang='grc' dir='ltr'><strong><em>τετμήσθω</em></strong></span> <span class='ocrx_word' id='word_1_59' title='bbox 1147 1096 1189 1161; x_wconf 84' lang='grc' dir='ltr'><strong><em>’ὁ</em></strong></span> 
     </span>
     <span class='ocr_line' id='line_1_10' title="bbox 169 1199 1190 1290; baseline 0 -24"><span class='ocrx_word' id='word_1_60' title='bbox 169 1201 347 1288; x_wconf 87' lang='grc' dir='ltr'><strong><em>κύλινδρος</em></strong></span> <span class='ocrx_word' id='word_1_61' title='bbox 378 1199 476 1289; x_wconf 89' lang='grc' dir='ltr'><strong><em>έτέρῳ</em></strong></span> <span class='ocrx_word' id='word_1_62' title='bbox 510 1200 651 1290; x_wconf 85' lang='grc' dir='ltr'><strong><em>ἐπιπέδῳ</em></strong></span> <span class='ocrx_word' id='word_1_63' title='bbox 683 1211 729 1290; x_wconf 82' lang='grc' dir='ltr'><strong><em>τῳ</em></strong></span> <span class='ocrx_word' id='word_1_64' title='bbox 761 1203 817 1266; x_wconf 84' lang='grc' dir='ltr'><strong><em>διά</em></strong></span> <span class='ocrx_word' id='word_1_65' title='bbox 849 1214 917 1266; x_wconf 83' lang='grc' dir='ltr'><strong><em>τῶν</em></strong></span> <span class='ocrx_word' id='word_1_66' title='bbox 943 1205 987 1286; x_wconf 85' lang='grc' dir='ltr'><strong><em>Ε,</em></strong></span> <span class='ocrx_word' id='word_1_67' title='bbox 1012 1206 1054 1284; x_wconf 93' lang='grc' dir='ltr'><strong><em>Ζ,</em></strong></span> <span class='ocrx_word' id='word_1_68' title='bbox 1077 1205 1127 1285; x_wconf 90' lang='grc' dir='ltr'><strong><em>Η,</em></strong></span> <span class='ocrx_word' id='word_1_69' title='bbox 1155 1207 1190 1266; x_wconf 99' lang='grc' dir='ltr'>Θ</span> 
     </span>
    </p>

    <p class='ocr_par' dir='ltr' id='par_1_7' title="bbox 120 1299 1273 1824">
     <span class='ocr_line' id='line_1_11' title="bbox 120 1299 1273 1397; baseline 0.003 -27"><span class='ocrx_word' id='word_1_70' title='bbox 120 1323 152 1370; x_wconf 85' lang='grc'><strong><em>10</em></strong></span> <span class='ocrx_word' id='word_1_71' title='bbox 171 1310 368 1395; x_wconf 78' lang='grc' dir='ltr'><strong><em>παραλλήλῳ</em></strong></span> <span class='ocrx_word' id='word_1_72' title='bbox 388 1309 460 1373; x_wconf 80' lang='grc' dir='ltr'><strong><em>ὄντι</em></strong></span> <span class='ocrx_word' id='word_1_73' title='bbox 478 1318 524 1396; x_wconf 82' lang='grc' dir='ltr'><strong><em>τῳ</em></strong></span> <span class='ocrx_word' id='word_1_74' title='bbox 540 1312 600 1373; x_wconf 84' lang='grc' dir='ltr'><strong><em>ΓΛ</em></strong></span> <span class='ocrx_word' id='word_1_75' title='bbox 613 1310 942 1397; x_wconf 82' lang='grc' dir='ltr'><strong><em>παραλληλογράμμῳ</em></strong></span> <span class='ocrx_word' id='word_1_76' title='bbox 959 1307 1014 1374; x_wconf 84' lang='grc' dir='ltr'><strong><em>καὶ</em></strong></span> <span class='ocrx_word' id='word_1_77' title='bbox 1028 1317 1190 1374; x_wconf 88' lang='grc' dir='ltr'><strong><em>ποιοῦντι</em></strong></span> <span class='ocrx_word' id='word_1_78' title='bbox 1272 1299 1273 1316; x_wconf 48' lang='lat'>³</span> 
     </span>
     <span class='ocr_line' id='line_1_12' title="bbox 171 1411 1190 1499; baseline 0.003 -21"><span class='ocrx_word' id='word_1_79' title='bbox 171 1416 272 1499; x_wconf 83' lang='grc' dir='ltr'><strong><em>τομάς</em></strong></span> <span class='ocrx_word' id='word_1_80' title='bbox 300 1414 337 1479; x_wconf 85' lang='grc' dir='ltr'><strong><em>έν</em></strong></span> <span class='ocrx_word' id='word_1_81' title='bbox 368 1411 428 1499; x_wconf 77' lang='grc' dir='ltr'><strong><em>μέν</em></strong></span> <span class='ocrx_word' id='word_1_82' title='bbox 455 1427 527 1492; x_wconf 77' lang='grc' dir='ltr'><strong><em>ταῖς</em></strong></span> <span class='ocrx_word' id='word_1_83' title='bbox 553 1416 668 1498; x_wconf 78' lang='grc' dir='ltr'><strong><em>βάσεσι</em></strong></span> <span class='ocrx_word' id='word_1_84' title='bbox 695 1417 753 1492; x_wconf 83' lang='grc' dir='ltr'><strong><em>τὰς</em></strong></span> <span class='ocrx_word' id='word_1_85' title='bbox 775 1420 853 1499; x_wconf 86' lang='grc' dir='ltr'><strong><em>ΕΖ,</em></strong></span> <span class='ocrx_word' id='word_1_86' title='bbox 877 1419 947 1480; x_wconf 87' lang='grc' dir='ltr'><strong><em>ΗΘ</em></strong></span> <span class='ocrx_word' id='word_1_87' title='bbox 969 1415 1116 1499; x_wconf 76' lang='grc' dir='ltr'><strong><em>εὐθείας,</em></strong></span> <span class='ocrx_word' id='word_1_88' title='bbox 1146 1415 1190 1481; x_wconf 82' lang='grc' dir='ltr'><strong><em>ἐν</em></strong></span> 
     </span>
     <span class='ocr_line' id='line_1_13' title="bbox 171 1516 1188 1609; baseline 0.002 -25"><span class='ocrx_word' id='word_1_89' title='bbox 171 1516 208 1584; x_wconf 73' lang='grc' dir='ltr'><strong><em>δέ</em></strong></span> <span class='ocrx_word' id='word_1_90' title='bbox 235 1531 274 1607; x_wconf 85' lang='grc' dir='ltr'><strong><em>τή</em></strong></span> <span class='ocrx_word' id='word_1_91' title='bbox 302 1522 477 1609; x_wconf 77' lang='grc' dir='ltr'><strong><em>ἐπιφανείᾳ</em></strong></span> <span class='ocrx_word' id='word_1_92' title='bbox 503 1531 563 1586; x_wconf 88' lang='grc' dir='ltr'><strong><em>τοῦ</em></strong></span> <span class='ocrx_word' id='word_1_93' title='bbox 590 1523 771 1608; x_wconf 88' lang='grc' dir='ltr'><strong><em>κυλίνδρου</em></strong></span> <span class='ocrx_word' id='word_1_94' title='bbox 799 1523 857 1599; x_wconf 84' lang='grc' dir='ltr'><strong><em>τὰς</em></strong></span> <span class='ocrx_word' id='word_1_95' title='bbox 883 1526 967 1606; x_wconf 88' lang='grc' dir='ltr'><strong><em>ΕΗ,</em></strong></span> <span class='ocrx_word' id='word_1_96' title='bbox 992 1527 1056 1587; x_wconf 92' lang='grc' dir='ltr'><strong><em>ΖΘ</em></strong></span> <span class='ocrx_word' id='word_1_97' title='bbox 1078 1546 1188 1607; x_wconf 92' lang='grc' dir='ltr'><strong><em>γραμ-</em></strong></span> 
     </span>
     <span class='ocr_line' id='line_1_14' title="bbox 170 1628 1190 1715; baseline 0.003 -23"><span class='ocrx_word' id='word_1_98' title='bbox 170 1628 240 1713; x_wconf 87' lang='grc' dir='ltr'><strong><em>μάς.</em></strong></span> <span class='ocrx_word' id='word_1_99' title='bbox 286 1628 385 1713; x_wconf 89' lang='grc' dir='ltr'><strong><em>λέγω,</em></strong></span> <span class='ocrx_word' id='word_1_100' title='bbox 413 1630 523 1694; x_wconf 82' lang='grc' dir='ltr'><strong><em>ὅτιτὸ</em></strong></span> <span class='ocrx_word' id='word_1_101' title='bbox 547 1633 619 1693; x_wconf 85' lang='grc' dir='ltr'><strong><em>ΒΗ</em></strong></span> <span class='ocrx_word' id='word_1_102' title='bbox 623 1633 686 1693; x_wconf 90' lang='grc' dir='ltr'><strong><em>ΖΘ</em></strong></span> <span class='ocrx_word' id='word_1_103' title='bbox 709 1637 815 1713; x_wconf 89' lang='grc' dir='ltr'><strong><em>σχήμα</em></strong></span> <span class='ocrx_word' id='word_1_104' title='bbox 838 1631 1190 1715; x_wconf 87' lang='grc' dir='ltr'><strong><em>παραλληλόγραμμόν</em></strong></span> 
     </span>
     <span class='ocr_line' id='line_1_15' title="bbox 171 1735 624 1824; baseline -0.004 -23"><span class='ocrx_word' id='word_1_105' title='bbox 171 1735 261 1801; x_wconf 80' lang='grc' dir='ltr'><strong><em>ἐστιν</em></strong></span> <span class='ocrx_word' id='word_1_106' title='bbox 286 1736 462 1818; x_wconf 75' lang='grc' dir='ltr'><strong><em>ἰσογώνιον</em></strong></span> <span class='ocrx_word' id='word_1_107' title='bbox 485 1745 530 1824; x_wconf 78' lang='grc' dir='ltr'><strong><em>τῷ</em></strong></span> <span class='ocrx_word' id='word_1_108' title='bbox 556 1737 624 1800; x_wconf 85' lang='grc' dir='ltr'><strong><em>ΓΛ.</em></strong></span> 
     </span>
    </p>

    <p class='ocr_par' dir='ltr' id='par_1_8' title="bbox 118 1839 1188 2356">
     <span class='ocr_line' id='line_1_16' title="bbox 118 1839 1188 1927; baseline 0.007 -27"><span class='ocrx_word' id='word_1_109' title='bbox 118 1853 150 1901; x_wconf 88' lang='lat'><strong><em>15</em></strong></span> <span class='ocrx_word' id='word_1_110' title='bbox 235 1844 329 1927; x_wconf 80' lang='grc' dir='ltr'><strong><em>ήχθω</em></strong></span> <span class='ocrx_word' id='word_1_111' title='bbox 365 1843 428 1912; x_wconf 89' lang='grc' dir='ltr'><strong><em>άπὸ</em></strong></span> <span class='ocrx_word' id='word_1_112' title='bbox 460 1851 520 1906; x_wconf 88' lang='grc' dir='ltr'><strong><em>τοῦ</em></strong></span> <span class='ocrx_word' id='word_1_113' title='bbox 552 1846 580 1905; x_wconf 88' lang='grc' dir='ltr'><em>Β</em></span> <span class='ocrx_word' id='word_1_114' title='bbox 612 1840 751 1927; x_wconf 89' lang='grc' dir='ltr'><strong><em>κέντρου</em></strong></span> <span class='ocrx_word' id='word_1_115' title='bbox 781 1839 834 1906; x_wconf 84' lang='grc' dir='ltr'><strong><em>ε’πὶ</em></strong></span> <span class='ocrx_word' id='word_1_116' title='bbox 863 1843 924 1926; x_wconf 85' lang='grc' dir='ltr'><strong><em>τήν</em></strong></span> <span class='ocrx_word' id='word_1_117' title='bbox 953 1846 1016 1905; x_wconf 85' lang='grc' dir='ltr'><strong><em>ΕΖ</em></strong></span> <span class='ocrx_word' id='word_1_118' title='bbox 1045 1841 1188 1908; x_wconf 79' lang='grc' dir='ltr'><strong><em>εὐθεῖαν</em></strong></span> 
     </span>
     <span class='ocr_line' id='line_1_17' title="bbox 170 1946 1186 2033; baseline 0 -19"><span class='ocrx_word' id='word_1_119' title='bbox 170 1949 310 2026; x_wconf 87' lang='grc' dir='ltr'><strong><em>κάθετος</em></strong></span> <span class='ocrx_word' id='word_1_120' title='bbox 336 1947 356 2031; x_wconf 80' lang='grc' dir='ltr'><em>ἡ</em></span> <span class='ocrx_word' id='word_1_121' title='bbox 380 1952 461 2033; x_wconf 94' lang='grc' dir='ltr'><strong><em>ΒΚ,</em></strong></span> <span class='ocrx_word' id='word_1_122' title='bbox 488 1946 544 2013; x_wconf 87' lang='grc' dir='ltr'><strong><em>καὶ</em></strong></span> <span class='ocrx_word' id='word_1_123' title='bbox 571 1949 627 2013; x_wconf 85' lang='grc' dir='ltr'><strong><em>διά</em></strong></span> <span class='ocrx_word' id='word_1_124' title='bbox 649 1959 717 2012; x_wconf 84' lang='grc' dir='ltr'><strong><em>τῶν</em></strong></span> <span class='ocrx_word' id='word_1_125' title='bbox 740 1951 819 2031; x_wconf 92' lang='grc' dir='ltr'><strong><em>ΚΒ,</em></strong></span> <span class='ocrx_word' id='word_1_126' title='bbox 843 1953 909 2013; x_wconf 88' lang='grc' dir='ltr'><strong><em>ΒΑ</em></strong></span> <span class='ocrx_word' id='word_1_127' title='bbox 933 1949 1186 2031; x_wconf 82' lang='grc' dir='ltr'><strong><em>διεκβεβλήσθω</em></strong></span> 
     </span>
     <span class='ocr_line' id='line_1_18' title="bbox 171 2052 1185 2139; baseline 0 -19"><span class='ocrx_word' id='word_1_128' title='bbox 171 2055 336 2138; x_wconf 77' lang='grc' dir='ltr'><strong><em>ἐπίπεδον,</em></strong></span> <span class='ocrx_word' id='word_1_129' title='bbox 359 2052 414 2119; x_wconf 77' lang='grc' dir='ltr'><strong><em>καὶ</em></strong></span> <span class='ocrx_word' id='word_1_130' title='bbox 437 2057 584 2119; x_wconf 78' lang='grc' dir='ltr'><strong><em>ἔστωσαν</em></strong></span> <span class='ocrx_word' id='word_1_131' title='bbox 605 2053 715 2119; x_wconf 83' lang='grc' dir='ltr'><strong><em>κοιναὶ</em></strong></span> <span class='ocrx_word' id='word_1_132' title='bbox 737 2052 834 2139; x_wconf 85' lang='grc' dir='ltr'><strong><em>τομαὶ</em></strong></span> <span class='ocrx_word' id='word_1_133' title='bbox 856 2055 894 2119; x_wconf 83' lang='grc' dir='ltr'><strong><em>αλ</em></strong></span> <span class='ocrx_word' id='word_1_134' title='bbox 914 2060 946 2118; x_wconf 93' lang='lat' dir='ltr'><em>A</em></span> <span class='ocrx_word' id='word_1_135' title='bbox 952 2058 997 2137; x_wconf 84' lang='lat' dir='ltr'><strong><em>A,</em></strong></span> <span class='ocrx_word' id='word_1_136' title='bbox 1021 2057 1102 2137; x_wconf 90' lang='grc' dir='ltr'><strong><em>ΚΛ,</em></strong></span> <span class='ocrx_word' id='word_1_137' title='bbox 1124 2055 1185 2120; x_wconf 82' lang='grc' dir='ltr'><strong><em>καὶ</em></strong></span> 
     </span>
     <span class='ocr_line' id='line_1_19' title="bbox 171 2157 1184 2247; baseline 0.001 -21"><span class='ocrx_word' id='word_1_138' title='bbox 171 2161 420 2244; x_wconf 76' lang='grc' dir='ltr'><strong><em>ἐπεζεύχθωσαν</em></strong></span> <span class='ocrx_word' id='word_1_139' title='bbox 447 2163 484 2225; x_wconf 81' lang='grc' dir='ltr'><strong><em>αἱ</em></strong></span> <span class='ocrx_word' id='word_1_140' title='bbox 509 2166 586 2244; x_wconf 88' lang='grc' dir='ltr'><strong><em>ΒΖ,</em></strong></span> <span class='ocrx_word' id='word_1_141' title='bbox 610 2166 686 2226; x_wconf 92' lang='grc' dir='ltr'><strong><em>ΑΘ.</em></strong></span> <span class='ocrx_word' id='word_1_142' title='bbox 737 2159 806 2226; x_wconf 81' lang='grc' dir='ltr'><strong><em>ἐπεὶ</em></strong></span> <span class='ocrx_word' id='word_1_143' title='bbox 834 2157 895 2227; x_wconf 84' lang='grc' dir='ltr'><strong><em>οὖν</em></strong></span> <span class='ocrx_word' id='word_1_144' title='bbox 922 2162 1131 2247; x_wconf 89' lang='grc' dir='ltr'><strong><em>παράλληλος</em></strong></span> <span class='ocrx_word' id='word_1_145' title='bbox 1164 2163 1184 2228; x_wconf 87' lang='grc' dir='ltr'>ὁ</span> 
     </span>
     <span class='ocr_line' id='line_1_20' title="bbox 171 2265 1184 2356; baseline 0 -23"><span class='ocrx_word' id='word_1_146' title='bbox 171 2265 232 2353; x_wconf 69' lang='grc' dir='ltr'><strong><em>μέν</em></strong></span> <span class='ocrx_word' id='word_1_147' title='bbox 255 2275 287 2333; x_wconf 93' lang='grc' dir='ltr'><em>Α</em></span> <span class='ocrx_word' id='word_1_148' title='bbox 310 2269 430 2345; x_wconf 83' lang='grc' dir='ltr'><strong><em>κύκλος</em></strong></span> <span class='ocrx_word' id='word_1_149' title='bbox 452 2278 497 2356; x_wconf 81' lang='grc' dir='ltr'><strong><em>τῳ</em></strong></span> <span class='ocrx_word' id='word_1_150' title='bbox 521 2273 564 2352; x_wconf 93' lang='grc' dir='ltr'><strong><em>Β,</em></strong></span> <span class='ocrx_word' id='word_1_151' title='bbox 588 2270 624 2333; x_wconf 89' lang='grc' dir='ltr'><strong><em>τὸ</em></strong></span> <span class='ocrx_word' id='word_1_152' title='bbox 648 2265 685 2332; x_wconf 73' lang='grc' dir='ltr'><strong><em>δέ</em></strong></span> <span class='ocrx_word' id='word_1_153' title='bbox 706 2273 771 2333; x_wconf 85' lang='grc' dir='ltr'><strong><em>ΕΘ</em></strong></span> <span class='ocrx_word' id='word_1_154' title='bbox 790 2268 946 2334; x_wconf 84' lang='grc' dir='ltr'><strong><em>ἐπίπεδον</em></strong></span> <span class='ocrx_word' id='word_1_155' title='bbox 964 2277 1009 2356; x_wconf 82' lang='grc' dir='ltr'><strong><em>τῳ</em></strong></span> <span class='ocrx_word' id='word_1_156' title='bbox 1030 2271 1094 2332; x_wconf 89' lang='grc' dir='ltr'><strong><em>ΓΔ</em></strong></span> <span class='ocrx_word' id='word_1_157' title='bbox 1112 2267 1184 2333; x_wconf 88' lang='grc' dir='ltr'><strong><em>ε’πι-</em></strong></span> 
     </span>
    </p>

    <p class='ocr_par' dir='ltr' id='par_1_9' title="bbox 118 2373 1188 2780">
     <span class='ocr_line' id='line_1_21' title="bbox 118 2373 1184 2463; baseline 0.004 -27"><span class='ocrx_word' id='word_1_158' title='bbox 118 2385 151 2434; x_wconf 79' lang='lat'><strong><em>20</em></strong></span> <span class='ocrx_word' id='word_1_159' title='bbox 170 2374 270 2463; x_wconf 89' lang='grc' dir='ltr'><strong><em>πέδῳ,</em></strong></span> <span class='ocrx_word' id='word_1_160' title='bbox 292 2373 348 2439; x_wconf 84' lang='grc' dir='ltr'><strong><em>καὶ</em></strong></span> <span class='ocrx_word' id='word_1_161' title='bbox 371 2374 520 2459; x_wconf 83' lang='grc' dir='ltr'><strong><em>τέμνεται</em></strong></span> <span class='ocrx_word' id='word_1_162' title='bbox 543 2374 607 2439; x_wconf 88' lang='grc' dir='ltr'><strong><em>ὑπὸ</em></strong></span> <span class='ocrx_word' id='word_1_163' title='bbox 631 2383 691 2439; x_wconf 85' lang='grc' dir='ltr'><strong><em>τοῦ</em></strong></span> <span class='ocrx_word' id='word_1_164' title='bbox 710 2377 849 2438; x_wconf 88' lang='grc' dir='ltr'><strong><em>ΑΒΚΛ</em></strong></span> <span class='ocrx_word' id='word_1_165' title='bbox 868 2373 1035 2459; x_wconf 83' lang='grc' dir='ltr'><strong><em>ἐπιπέδου,</em></strong></span> <span class='ocrx_word' id='word_1_166' title='bbox 1057 2375 1184 2461; x_wconf 89' lang='grc' dir='ltr'><strong><em>παράλ-</em></strong></span> 
     </span>
     <span class='ocr_line' id='line_1_22' title="bbox 170 2477 1188 2568; baseline -0.001 -21"><span class='ocrx_word' id='word_1_167' title='bbox 170 2487 269 2566; x_wconf 86' lang='grc' dir='ltr'><strong><em>ληλος</em></strong></span> <span class='ocrx_word' id='word_1_168' title='bbox 298 2483 362 2567; x_wconf 83' lang='grc' dir='ltr'><strong><em>άρα</em></strong></span> <span class='ocrx_word' id='word_1_169' title='bbox 392 2480 412 2564; x_wconf 81' lang='grc' dir='ltr'><em>ἡ</em></span> <span class='ocrx_word' id='word_1_170' title='bbox 442 2477 502 2565; x_wconf 77' lang='grc' dir='ltr'><strong><em>μέν</em></strong></span> <span class='ocrx_word' id='word_1_171' title='bbox 531 2484 600 2545; x_wconf 90' lang='lat' dir='ltr'><strong><em>AA</em></strong></span> <span class='ocrx_word' id='word_1_172' title='bbox 629 2490 669 2565; x_wconf 86' lang='grc' dir='ltr'><strong><em>τή</em></strong></span> <span class='ocrx_word' id='word_1_173' title='bbox 701 2483 781 2564; x_wconf 89' lang='grc' dir='ltr'><strong><em>ΒΚ,</em></strong></span> <span class='ocrx_word' id='word_1_174' title='bbox 814 2479 834 2562; x_wconf 87' lang='grc' dir='ltr'><strong><em>ή</em></strong></span> <span class='ocrx_word' id='word_1_175' title='bbox 867 2477 903 2545; x_wconf 71' lang='grc' dir='ltr'><strong><em>δέ</em></strong></span> <span class='ocrx_word' id='word_1_176' title='bbox 933 2484 1002 2545; x_wconf 91' lang='grc' dir='ltr'><strong><em>ΚΛ</em></strong></span> <span class='ocrx_word' id='word_1_177' title='bbox 1031 2491 1070 2568; x_wconf 78' lang='grc' dir='ltr'><strong><em>τῇ</em></strong></span> <span class='ocrx_word' id='word_1_178' title='bbox 1100 2486 1188 2546; x_wconf 76' lang='grc' dir='ltr'><strong><em>ΒΑ·</em></strong></span> 
     </span>
     <span class='ocr_line' id='line_1_23' title="bbox 170 2585 1187 2675; baseline 0 -22"><span class='ocrx_word' id='word_1_179' title='bbox 170 2591 513 2675; x_wconf 89' lang='grc' dir='ltr'><strong><em>παραλληλόγραμμον</em></strong></span> <span class='ocrx_word' id='word_1_180' title='bbox 540 2589 603 2673; x_wconf 86' lang='grc' dir='ltr'><strong><em>άρα</em></strong></span> <span class='ocrx_word' id='word_1_181' title='bbox 632 2585 701 2652; x_wconf 86' lang='grc' dir='ltr'><strong><em>ε’στὶ</em></strong></span> <span class='ocrx_word' id='word_1_182' title='bbox 727 2588 764 2651; x_wconf 89' lang='grc' dir='ltr'><strong><em>τὸ</em></strong></span> <span class='ocrx_word' id='word_1_183' title='bbox 792 2591 874 2652; x_wconf 90' lang='grc' dir='ltr'><strong><em>ΚΑ·</em></strong></span> <span class='ocrx_word' id='word_1_184' title='bbox 903 2593 956 2670; x_wconf 83' lang='grc' dir='ltr'><strong><em>λ’ση</em></strong></span> <span class='ocrx_word' id='word_1_185' title='bbox 984 2590 1048 2670; x_wconf 79' lang='grc' dir='ltr'><strong><em>ἄρα</em></strong></span> <span class='ocrx_word' id='word_1_186' title='bbox 1075 2586 1095 2670; x_wconf 89' lang='grc' dir='ltr'><strong><em>ή</em></strong></span> <span class='ocrx_word' id='word_1_187' title='bbox 1120 2585 1187 2672; x_wconf 73' lang='grc' dir='ltr'><strong><em>μὲν</em></strong></span> 
     </span>
     <span class='ocr_line' id='line_1_24' title="bbox 171 2690 1187 2780; baseline 0.001 -21"><span class='ocrx_word' id='word_1_188' title='bbox 171 2699 239 2759; x_wconf 89' lang='grc' dir='ltr'><strong><em>ΚΛ</em></strong></span> <span class='ocrx_word' id='word_1_189' title='bbox 266 2705 305 2780; x_wconf 85' lang='grc' dir='ltr'><strong><em>τή</em></strong></span> <span class='ocrx_word' id='word_1_190' title='bbox 329 2698 408 2777; x_wconf 87' lang='grc' dir='ltr'><strong><em>ΒΑ,</em></strong></span> <span class='ocrx_word' id='word_1_191' title='bbox 436 2692 456 2776; x_wconf 87' lang='grc' dir='ltr'><strong><em>ή</em></strong></span> <span class='ocrx_word' id='word_1_192' title='bbox 484 2690 521 2758; x_wconf 72' lang='grc' dir='ltr'><strong><em>δέ</em></strong></span> <span class='ocrx_word' id='word_1_193' title='bbox 544 2697 612 2758; x_wconf 92' lang='grc' dir='ltr'><strong><em>ΒΚ</em></strong></span> <span class='ocrx_word' id='word_1_194' title='bbox 632 2703 671 2778; x_wconf 74' lang='grc' dir='ltr'><strong><em>τῇ</em></strong></span> <span class='ocrx_word' id='word_1_195' title='bbox 695 2698 774 2758; x_wconf 91' lang='lat' dir='ltr'><strong><em>AA.</em></strong></span> <span class='ocrx_word' id='word_1_196' title='bbox 818 2692 874 2759; x_wconf 79' lang='grc' dir='ltr'><strong><em>καὶ</em></strong></span> <span class='ocrx_word' id='word_1_197' title='bbox 897 2692 966 2759; x_wconf 84' lang='grc' dir='ltr'><strong><em>ἐπεὶ</em></strong></span> <span class='ocrx_word' id='word_1_198' title='bbox 988 2693 1008 2777; x_wconf 80' lang='grc' dir='ltr'><em>ἡ</em></span> <span class='ocrx_word' id='word_1_199' title='bbox 1032 2692 1093 2780; x_wconf 71' lang='grc' dir='ltr'><strong><em>μέν</em></strong></span> <span class='ocrx_word' id='word_1_200' title='bbox 1115 2698 1187 2760; x_wconf 89' lang='grc' dir='ltr'><strong><em>ΒΚ</em></strong></span> 
     </span>
    </p>
   </div>
   <div class='ocr_carea' id='block_1_3' title="bbox 244 2940 1184 3015">
    <p class='ocr_par' dir='ltr' id='par_1_10' title="bbox 244 2940 1184 3015">
     <span class='ocr_line' id='line_1_25' title="bbox 244 2940 1184 3015; baseline 0 -21"><span class='ocrx_word' id='word_1_201' title='bbox 244 2948 266 2996; x_wconf 92' lang='grc'><strong><em>1.</em></strong></span> <span class='ocrx_word' id='word_1_202' title='bbox 287 2941 327 3013; x_wconf 86' lang='grc' dir='ltr'><strong><em>γ’]</em></strong></span> <span class='ocrx_word' id='word_1_203' title='bbox 346 2958 378 3009; x_wconf 89' lang='lat' dir='ltr'><strong><em>p,</em></strong></span> <span class='ocrx_word' id='word_1_204' title='bbox 401 2958 436 2995; x_wconf 79' lang='lat' dir='ltr'><strong>m</strong></span> <span class='ocrx_word' id='word_1_205' title='bbox 457 2956 510 2995; x_wconf 81' lang='lat' dir='ltr'>rec.</span> <span class='ocrx_word' id='word_1_206' title='bbox 525 2940 559 3008; x_wconf 90' lang='lat' dir='ltr'><strong><em>V,</em></strong></span> <span class='ocrx_word' id='word_1_207' title='bbox 584 2957 637 2996; x_wconf 89' lang='lat' dir='ltr'><strong><em>om.</em></strong></span> <span class='ocrx_word' id='word_1_208' title='bbox 657 2957 696 2994; x_wconf 79' lang='lat' dir='ltr'><strong><em>ve</em></strong></span> <span class='ocrx_word' id='word_1_209' title='bbox 714 2943 754 3015; x_wconf 62' lang='lat' dir='ltr'><strong><em>(eb</em></strong></span> <span class='ocrx_word' id='word_1_210' title='bbox 772 2940 812 2994; x_wconf 82' lang='lat' dir='ltr'><strong><em>sic</em></strong></span> <span class='ocrx_word' id='word_1_211' title='bbox 832 2940 981 3011; x_wconf 82' lang='lat' dir='ltr'>deinceps).</span> <span class='ocrx_word' id='word_1_212' title='bbox 1064 2946 1090 2994; x_wconf 77' lang='lat'><strong><em>2.</em></strong></span> <span class='ocrx_word' id='word_1_213' title='bbox 1109 2959 1184 3008; x_wconf 88' lang='grc' dir='ltr'><strong><em>παρ-</em></strong></span> 
     </span>
    </p>
   </div>
   <div class='ocr_carea' id='block_1_4' title="bbox 170 3025 1184 3590">
    <p class='ocr_par' dir='ltr' id='par_1_11' title="bbox 170 3025 1184 3590">
     <span class='ocr_line' id='line_1_26' title="bbox 172 3025 1180 3122; baseline -0.001 -20"><span class='ocrx_word' id='word_1_214' title='bbox 172 3048 290 3122; x_wconf 83' lang='grc' dir='ltr'><strong><em>αλλήλῳ]</em></strong></span> <span class='ocrx_word' id='word_1_215' title='bbox 309 3050 377 3101; x_wconf 78' lang='lat' dir='ltr'>mut.</span> <span class='ocrx_word' id='word_1_216' title='bbox 397 3047 427 3100; x_wconf 89' lang='lat' dir='ltr'><strong><em>in</em></strong></span> <span class='ocrx_word' id='word_1_217' title='bbox 447 3025 618 3118; x_wconf 65' lang='grc' dir='ltr'><strong><em>παραλληλέιρ</em></strong></span> <span class='ocrx_word' id='word_1_218' title='bbox 640 3067 675 3102; x_wconf 78' lang='lat' dir='ltr'><strong>m</strong></span> <span class='ocrx_word' id='word_1_219' title='bbox 696 3053 711 3100; x_wconf 79' lang='lat'>2</span> <span class='ocrx_word' id='word_1_220' title='bbox 730 3066 757 3117; x_wconf 90' lang='lat' dir='ltr'><strong><em>p.</em></strong></span> <span class='ocrx_word' id='word_1_221' title='bbox 847 3049 896 3120; x_wconf 79' lang='grc' dir='ltr'><strong><em>τῷ]</em></strong></span> <span class='ocrx_word' id='word_1_222' title='bbox 915 3053 953 3120; x_wconf 80' lang='grc' dir='ltr'><strong><em>τῷ</em></strong></span> <span class='ocrx_word' id='word_1_223' title='bbox 971 3056 1021 3102; x_wconf 84' lang='grc' dir='ltr'><strong><em>τοῦ</em></strong></span> <span class='ocrx_word' id='word_1_224' title='bbox 1040 3063 1062 3101; x_wconf 85' lang='lat' dir='ltr'><strong><em>c.</em></strong></span> <span class='ocrx_word' id='word_1_225' title='bbox 1155 3052 1180 3102; x_wconf 82' lang='lat'><strong><em>3.</em></strong></span> 
     </span>
     <span class='ocr_line' id='line_1_27' title="bbox 171 3133 1183 3228; baseline -0.002 -38"><span class='ocrx_word' id='word_1_226' title='bbox 171 3134 456 3209; x_wconf 90' lang='grc' dir='ltr'><strong><em>παραλληλογράμμῳ]</em></strong></span> <span class='ocrx_word' id='word_1_227' title='bbox 479 3139 532 3228; x_wconf 50' lang='grc' dir='ltr'><strong><em>ξω,</em></strong></span> <span class='ocrx_word' id='word_1_228' title='bbox 553 3140 586 3191; x_wconf 60' lang='lat' dir='ltr'><strong><em>ub</em></strong></span> <span class='ocrx_word' id='word_1_229' title='bbox 605 3152 701 3206; x_wconf 82' lang='lat' dir='ltr'>saepe,</span> <span class='ocrx_word' id='word_1_230' title='bbox 719 3155 746 3206; x_wconf 87' lang='lat' dir='ltr'><strong><em>p.</em></strong></span> <span class='ocrx_word' id='word_1_231' title='bbox 820 3142 843 3191; x_wconf 84' lang='lat'><strong><em>6.</em></strong></span> <span class='ocrx_word' id='word_1_232' title='bbox 864 3135 944 3207; x_wconf 84' lang='grc' dir='ltr'><strong><em>βάσις</em></strong></span> <span class='ocrx_word' id='word_1_233' title='bbox 961 3137 1015 3191; x_wconf 84' lang='lat' dir='ltr'><strong><em>Vc.</em></strong></span> <span class='ocrx_word' id='word_1_234' title='bbox 1087 3133 1135 3207; x_wconf 86' lang='grc' dir='ltr'><strong><em>τά]</em></strong></span> <span class='ocrx_word' id='word_1_235' title='bbox 1154 3154 1183 3204; x_wconf 79' lang='lat' dir='ltr'><strong><em>p,</em></strong></span> 
     </span>
     <span class='ocr_line' id='line_1_28' title="bbox 170 3231 1184 3305; baseline 0.001 -17"><span class='ocrx_word' id='word_1_236' title='bbox 170 3234 269 3289; x_wconf 72' lang='lat' dir='ltr'><strong><em>vch.</em></strong></span> <span class='ocrx_word' id='word_1_237' title='bbox 325 3239 349 3288; x_wconf 79' lang='lat'><strong><em>7.</em></strong></span> <span class='ocrx_word' id='word_1_238' title='bbox 369 3231 482 3305; x_wconf 82' lang='grc' dir='ltr'><strong><em>κέντρα]</em></strong></span> <span class='ocrx_word' id='word_1_239' title='bbox 496 3253 523 3304; x_wconf 79' lang='lat' dir='ltr'><strong><em>p,</em></strong></span> <span class='ocrx_word' id='word_1_240' title='bbox 543 3233 659 3302; x_wconf 85' lang='grc' dir='ltr'><strong><em>κέντρον</em></strong></span> <span class='ocrx_word' id='word_1_241' title='bbox 674 3234 726 3289; x_wconf 87' lang='lat' dir='ltr'><strong><em>Vc.</em></strong></span> <span class='ocrx_word' id='word_1_242' title='bbox 783 3239 806 3288; x_wconf 88' lang='grc'><strong><em>9.</em></strong></span> <span class='ocrx_word' id='word_1_243' title='bbox 828 3237 860 3302; x_wconf 88' lang='grc' dir='ltr'><strong><em>Ε,</em></strong></span> <span class='ocrx_word' id='word_1_244' title='bbox 873 3239 901 3304; x_wconf 89' lang='grc' dir='ltr'><strong><em>Ζ,</em></strong></span> <span class='ocrx_word' id='word_1_245' title='bbox 914 3239 949 3303; x_wconf 89' lang='grc' dir='ltr'><strong><em>Η,</em></strong></span> <span class='ocrx_word' id='word_1_246' title='bbox 961 3235 997 3305; x_wconf 89' lang='grc' dir='ltr'><strong><em>Θ]</em></strong></span> <span class='ocrx_word' id='word_1_247' title='bbox 1017 3236 1136 3288; x_wconf 84' lang='grc' dir='ltr'>ΗΘΕΖ</span> <span class='ocrx_word' id='word_1_248' title='bbox 1155 3253 1184 3303; x_wconf 89' lang='lat' dir='ltr'><strong><em>p.</em></strong></span> 
     </span>
     <span class='ocr_line' id='line_1_29' title="bbox 208 3306 1183 3377; baseline 0.002 -19"><span class='ocrx_word' id='word_1_249' title='bbox 208 3313 248 3360; x_wconf 88' lang='lat'><strong><em>11.</em></strong></span> <span class='ocrx_word' id='word_1_250' title='bbox 269 3309 330 3373; x_wconf 78' lang='grc' dir='ltr'><strong><em>ΕΖ,</em></strong></span> <span class='ocrx_word' id='word_1_251' title='bbox 345 3306 416 3377; x_wconf 82' lang='grc' dir='ltr'><strong><em>Ηο]</em></strong></span> <span class='ocrx_word' id='word_1_252' title='bbox 437 3308 503 3375; x_wconf 69' lang='lat' dir='ltr'><strong><em>Hp,</em></strong></span> <span class='ocrx_word' id='word_1_253' title='bbox 519 3309 572 3360; x_wconf 80' lang='grc' dir='ltr'><strong><em>ΕΖ</em></strong></span> <span class='ocrx_word' id='word_1_254' title='bbox 589 3324 616 3375; x_wconf 84' lang='lat' dir='ltr'><strong><em>p.</em></strong></span> <span class='ocrx_word' id='word_1_255' title='bbox 673 3311 714 3360; x_wconf 80' lang='grc' dir='ltr'><strong><em>ιε.</em></strong></span> <span class='ocrx_word' id='word_1_256' title='bbox 735 3309 801 3373; x_wconf 80' lang='grc' dir='ltr'><strong><em>ΕΗ,</em></strong></span> <span class='ocrx_word' id='word_1_257' title='bbox 818 3306 881 3377; x_wconf 81' lang='grc' dir='ltr'><strong><em>ιο]</em></strong></span> <span class='ocrx_word' id='word_1_258' title='bbox 901 3309 968 3374; x_wconf 80' lang='grc' dir='ltr'><strong><em>ΗΕ,</em></strong></span> <span class='ocrx_word' id='word_1_259' title='bbox 984 3307 1037 3360; x_wconf 80' lang='grc' dir='ltr'><strong><em>οι</em></strong></span> <span class='ocrx_word' id='word_1_260' title='bbox 1054 3323 1081 3374; x_wconf 82' lang='lat' dir='ltr'><strong><em>p.</em></strong></span> <span class='ocrx_word' id='word_1_261' title='bbox 1140 3311 1183 3360; x_wconf 83' lang='lat'><strong><em>13.</em></strong></span> 
     </span>
     <span class='ocr_line' id='line_1_30' title="bbox 172 3375 1180 3448; baseline 0.003 -19"><span class='ocrx_word' id='word_1_262' title='bbox 172 3378 486 3448; x_wconf 71' lang='grc' dir='ltr'>ΕΗΖΘ]ΕΗΘΖΡ.</span> <span class='ocrx_word' id='word_1_263' title='bbox 543 3377 936 3447; x_wconf 69' lang='grc' dir='ltr'><strong><em>18.ΒΖ,ΑΘ]ΑΘ,ΒΖΡ.</em></strong></span> <span class='ocrx_word' id='word_1_264' title='bbox 992 3375 1180 3448; x_wconf 53' lang='lat' dir='ltr'><strong><em>ananan).</em></strong></span> 
     </span>
     <span class='ocr_line' id='line_1_31' title="bbox 207 3446 1182 3520; baseline 0.001 -20"><span class='ocrx_word' id='word_1_265' title='bbox 207 3454 248 3502; x_wconf 75' lang='lat'><strong><em>⁴21.</em></strong></span> <span class='ocrx_word' id='word_1_266' title='bbox 274 3448 340 3520; x_wconf 76' lang='grc' dir='ltr'><strong><em>ἄρα]</em></strong></span> <span class='ocrx_word' id='word_1_267' title='bbox 360 3448 415 3516; x_wconf 78' lang='grc' dir='ltr'><strong><em>ἄρα</em></strong></span> <span class='ocrx_word' id='word_1_268' title='bbox 435 3446 509 3502; x_wconf 82' lang='grc' dir='ltr'><strong><em>ἐστίν</em></strong></span> <span class='ocrx_word' id='word_1_269' title='bbox 527 3467 553 3518; x_wconf 92' lang='lat' dir='ltr'><strong><em>p.</em></strong></span> <span class='ocrx_word' id='word_1_270' title='bbox 645 3447 714 3518; x_wconf 89' lang='grc' dir='ltr'><strong><em>ΒΚ]</em></strong></span> <span class='ocrx_word' id='word_1_271' title='bbox 733 3464 787 3517; x_wconf 87' lang='lat' dir='ltr'><strong><em>vp,</em></strong></span> <span class='ocrx_word' id='word_1_272' title='bbox 812 3465 867 3518; x_wconf 83' lang='lat' dir='ltr'><strong><em>mg.</em></strong></span> <span class='ocrx_word' id='word_1_273' title='bbox 887 3467 923 3503; x_wconf 91' lang='lat' dir='ltr'><strong><em>m.</em></strong></span> <span class='ocrx_word' id='word_1_274' title='bbox 944 3454 958 3500; x_wconf 85' lang='lat'>1</span> <span class='ocrx_word' id='word_1_275' title='bbox 978 3448 1004 3502; x_wconf 90' lang='lat' dir='ltr'>V</span> <span class='ocrx_word' id='word_1_276' title='bbox 1022 3450 1055 3518; x_wconf 91' lang='lat' dir='ltr'><strong><em>(B</em></strong></span> <span class='ocrx_word' id='word_1_277' title='bbox 1074 3452 1182 3517; x_wconf 70' lang='lat' dir='ltr'>euan.);</span> 
     </span>
     <span class='ocr_line' id='line_1_32' title="bbox 173 3517 1182 3590; baseline 0.002 -18"><span class='ocrx_word' id='word_1_278' title='bbox 173 3522 269 3589; x_wconf 84' lang='grc' dir='ltr'><strong><em>ΚΛο,</em></strong></span> <span class='ocrx_word' id='word_1_279' title='bbox 289 3524 317 3574; x_wconf 79' lang='lat' dir='ltr'><strong><em>et</em></strong></span> <span class='ocrx_word' id='word_1_280' title='bbox 337 3520 401 3576; x_wconf 76' lang='lat' dir='ltr'>add.</span> <span class='ocrx_word' id='word_1_281' title='bbox 422 3531 443 3560; x_wconf 79' lang='lat'><strong><em>·³·</em></strong></span> <span class='ocrx_word' id='word_1_282' title='bbox 465 3519 497 3573; x_wconf 93' lang='lat' dir='ltr'><strong><em>V.</em></strong></span> <span class='ocrx_word' id='word_1_283' title='bbox 582 3523 623 3573; x_wconf 77' lang='lat'><strong><em>22.</em></strong></span> <span class='ocrx_word' id='word_1_284' title='bbox 644 3518 784 3589; x_wconf 83' lang='lat' dir='ltr'><em>KA]AK</em></span> <span class='ocrx_word' id='word_1_285' title='bbox 799 3537 826 3588; x_wconf 88' lang='lat' dir='ltr'><strong><em>p.</em></strong></span> <span class='ocrx_word' id='word_1_286' title='bbox 899 3519 966 3590; x_wconf 69' lang='grc' dir='ltr'><strong><em>ἄρα]</em></strong></span> <span class='ocrx_word' id='word_1_287' title='bbox 986 3519 1042 3588; x_wconf 72' lang='grc' dir='ltr'><strong><em>ἄρα</em></strong></span> <span class='ocrx_word' id='word_1_288' title='bbox 1062 3517 1135 3574; x_wconf 73' lang='grc' dir='ltr'><strong><em>ἐστίν</em></strong></span> <span class='ocrx_word' id='word_1_289' title='bbox 1152 3537 1182 3588; x_wconf 85' lang='lat' dir='ltr'><strong><em>p.</em></strong></span> 
     </span>
    </p>
   </div>
   <div class='ocr_carea' id='block_1_5' title="bbox 0 0 1292 3934">
    <p class='ocr_par' dir='ltr' id='par_1_12' title="bbox 0 0 1292 3934">
     <span class='ocr_line' id='line_1_33' title="bbox 0 0 1292 3934; baseline 0 0"><span class='ocrx_word' id='word_1_290' title='bbox 0 0 1292 3934; x_wconf 95' lang='lat' dir='ltr'><strong><em> </em></strong></span> 
     </span>
    </p>
   </div>
  </div>
 </body>
</html>
