<?xml version="1.0" encoding="UTF-8"?>
<!DOCTYPE html PUBLIC "-//W3C//DTD XHTML 1.0 Transitional//EN"
    "http://www.w3.org/TR/xhtml1/DTD/xhtml1-transitional.dtd">
<html xmlns="http://www.w3.org/1999/xhtml" xml:lang="en" lang="en">
 <head>
  <title>
</title>
<meta http-equiv="Content-Type" content="text/html;charset=utf-8" />
  <meta name='ocr-system' content='tesseract 3.04.00' />
  <meta name='ocr-capabilities' content='ocr_page ocr_carea ocr_par ocr_line ocrx_word'/>
</head>
<body>
  <div class='ocr_page' id='page_1' title='image "./sereniantinoens00heibgoog_0150.png"; bbox 0 0 2488 3938; ppageno 0'>
   <div class='ocr_carea' id='block_1_1' title="bbox 384 212 1066 277">
    <p class='ocr_par' dir='ltr' id='par_1_1' title="bbox 384 212 1066 277">
     <span class='ocr_line' id='line_1_1' title="bbox 384 212 1066 277; baseline 0.019 -13"><span class='ocrx_word' id='word_1_1' title='bbox 384 215 434 265; x_wconf 87' lang='lat' dir='ltr'>ua</span> <span class='ocrx_word' id='word_1_2' title='bbox 453 212 630 266; x_wconf 76' lang='lat' dir='ltr'>saoa1ona</span> <span class='ocrx_word' id='word_1_3' title='bbox 649 212 744 266; x_wconf 75' lang='lat' dir='ltr'>oona</span> <span class='ocrx_word' id='word_1_4' title='bbox 1002 213 1066 277; x_wconf 79' lang='lat'>125</span> 
     </span>
    </p>
   </div>
   <div class='ocr_carea' id='block_1_2' title="bbox 76 356 1072 869">
    <p class='ocr_par' dir='ltr' id='par_1_2' title="bbox 76 356 1072 656">
     <span class='ocr_line' id='line_1_2' title="bbox 135 356 1072 442; baseline 0.001 -20"><span class='ocrx_word' id='word_1_5' title='bbox 135 358 259 422; x_wconf 84' lang='lat' dir='ltr'>ducatur</span> <span class='ocrx_word' id='word_1_6' title='bbox 276 361 384 423; x_wconf 88' lang='lat' dir='ltr'>rectae</span> <span class='ocrx_word' id='word_1_7' title='bbox 405 361 466 422; x_wconf 88' lang='grc' dir='ltr'>ΓΒ</span> <span class='ocrx_word' id='word_1_8' title='bbox 483 356 639 442; x_wconf 84' lang='lat' dir='ltr'>parallela</span> <span class='ocrx_word' id='word_1_9' title='bbox 656 361 731 421; x_wconf 84' lang='grc' dir='ltr'>ΔΕ.</span> <span class='ocrx_word' id='word_1_10' title='bbox 765 356 920 439; x_wconf 88' lang='lat' dir='ltr'>quoniam</span> <span class='ocrx_word' id='word_1_11' title='bbox 938 363 1034 432; x_wconf 63' lang='grc' dir='ltr'>[ΔΑ</span> <span class='ocrx_word' id='word_1_12' title='bbox 1040 362 1072 423; x_wconf 87' lang='grc' dir='ltr'><strong><em>Γ</em></strong></span> 
     </span>
     <span class='ocr_line' id='line_1_3' title="bbox 76 461 1066 549; baseline 0.002 -22"><span class='ocrx_word' id='word_1_13' title='bbox 76 468 169 528; x_wconf 88' lang='lat' dir='ltr'>rectus</span> <span class='ocrx_word' id='word_1_14' title='bbox 195 469 255 549; x_wconf 83' lang='lat' dir='ltr'>est,</span> <span class='ocrx_word' id='word_1_15' title='bbox 284 467 424 540; x_wconf 59' lang='grc' dir='ltr'>[ΔΕΓ</span> <span class='ocrx_word' id='word_1_16' title='bbox 447 464 582 529; x_wconf 87' lang='lat' dir='ltr'>obtusus</span> <span class='ocrx_word' id='word_1_17' title='bbox 608 467 659 528; x_wconf 89' lang='lat' dir='ltr'>est</span> <span class='ocrx_word' id='word_1_18' title='bbox 682 461 923 547; x_wconf 79' lang='lat' dir='ltr'>[Euol.1‚16];</span> <span class='ocrx_word' id='word_1_19' title='bbox 954 464 1066 547; x_wconf 89' lang='lat' dir='ltr'>itaque</span> 
     </span>
     <span class='ocr_line' id='line_1_4' title="bbox 76 570 654 656; baseline 0.003 -24"><span class='ocrx_word' id='word_1_20' title='bbox 76 573 174 643; x_wconf 76' lang='lat' dir='ltr'>Ar&gt;</span> <span class='ocrx_word' id='word_1_21' title='bbox 187 576 255 636; x_wconf 85' lang='grc' dir='ltr'>ΛΕ</span> <span class='ocrx_word' id='word_1_22' title='bbox 275 571 381 655; x_wconf 78' lang='lat' dir='ltr'>[Euol.</span> <span class='ocrx_word' id='word_1_23' title='bbox 399 570 425 656; x_wconf 90' lang='lat' dir='ltr'>I,</span> <span class='ocrx_word' id='word_1_24' title='bbox 446 570 510 654; x_wconf 86' lang='grc'><strong>19].</strong></span> <span class='ocrx_word' id='word_1_25' title='bbox 557 591 654 653; x_wconf 87' lang='lat' dir='ltr'>quare</span> 
     </span>
    </p>

    <p class='ocr_par' dir='ltr' id='par_1_3' title="bbox 76 675 890 869">
     <span class='ocr_line' id='line_1_5' title="bbox 235 675 890 761; baseline 0.002 -19"><span class='ocrx_word' id='word_1_26' title='bbox 235 681 296 742; x_wconf 88' lang='grc' dir='ltr'>ΓΔ</span> <span class='ocrx_word' id='word_1_27' title='bbox 309 701 316 742; x_wconf 92' lang='lat'><strong>:</strong></span> <span class='ocrx_word' id='word_1_28' title='bbox 331 683 398 742; x_wconf 87' lang='grc' dir='ltr'>ΔΑ</span> <span class='ocrx_word' id='word_1_29' title='bbox 411 687 445 750; x_wconf 95' lang='grc'>&gt;</span> <span class='ocrx_word' id='word_1_30' title='bbox 460 681 549 742; x_wconf 83' lang='lat' dir='ltr'>EA:</span> <span class='ocrx_word' id='word_1_31' title='bbox 564 682 635 741; x_wconf 86' lang='grc' dir='ltr'>ΔΑ</span> <span class='ocrx_word' id='word_1_32' title='bbox 657 676 763 761; x_wconf 78' lang='lat' dir='ltr'>[Eucl.</span> <span class='ocrx_word' id='word_1_33' title='bbox 781 675 822 760; x_wconf 86' lang='lat' dir='ltr'>V,</span> <span class='ocrx_word' id='word_1_34' title='bbox 841 676 890 760; x_wconf 82' lang='lat'>8],</span> 
     </span>
     <span class='ocr_line' id='line_1_6' title="bbox 76 781 636 869; baseline 0.002 -24"><span class='ocrx_word' id='word_1_35' title='bbox 76 781 99 845; x_wconf 77' lang='lat' dir='ltr'>ls</span> <span class='ocrx_word' id='word_1_36' title='bbox 116 805 139 846; x_wconf 92' lang='lat' dir='ltr'>e.</span> <span class='ocrx_word' id='word_1_37' title='bbox 159 784 262 868; x_wconf 80' lang='lat' dir='ltr'>[Eucl.</span> <span class='ocrx_word' id='word_1_38' title='bbox 280 783 338 869; x_wconf 86' lang='lat' dir='ltr'>VI,</span> <span class='ocrx_word' id='word_1_39' title='bbox 355 783 391 867; x_wconf 84' lang='lat'>4]</span> <span class='ocrx_word' id='word_1_40' title='bbox 413 794 447 857; x_wconf 94' lang='lat'>&gt;</span> <span class='ocrx_word' id='word_1_41' title='bbox 464 786 524 847; x_wconf 91' lang='grc' dir='ltr'>ΓΒ</span> <span class='ocrx_word' id='word_1_42' title='bbox 540 807 546 846; x_wconf 94' lang='lat'><strong>:</strong></span> <span class='ocrx_word' id='word_1_43' title='bbox 561 788 636 848; x_wconf 89' lang='lat' dir='ltr'>BA.</span> 
     </span>
    </p>
   </div>
   <div class='ocr_carea' id='block_1_3' title="bbox 534 996 592 1061">
    <p class='ocr_par' dir='ltr' id='par_1_4' title="bbox 534 996 592 1061">
     <span class='ocr_line' id='line_1_7' title="bbox 534 996 592 1061; baseline -0.017 0"><span class='ocrx_word' id='word_1_44' title='bbox 534 996 592 1061; x_wconf 88' lang='lat' dir='ltr'>Ill.</span> 
     </span>
    </p>
   </div>
   <div class='ocr_carea' id='block_1_4' title="bbox 72 1120 1068 2910">
    <p class='ocr_par' dir='ltr' id='par_1_5' title="bbox 72 1120 1068 2910">
     <span class='ocr_line' id='line_1_8' title="bbox 132 1120 1066 1207; baseline -0.001 -21"><span class='ocrx_word' id='word_1_45' title='bbox 132 1121 164 1186; x_wconf 83' lang='lat' dir='ltr'>si</span> <span class='ocrx_word' id='word_1_46' title='bbox 186 1145 285 1188; x_wconf 89' lang='lat' dir='ltr'>conus</span> <span class='ocrx_word' id='word_1_47' title='bbox 308 1127 415 1188; x_wconf 84' lang='lat' dir='ltr'>rectus</span> <span class='ocrx_word' id='word_1_48' title='bbox 438 1144 496 1207; x_wconf 90' lang='lat' dir='ltr'>per</span> <span class='ocrx_word' id='word_1_49' title='bbox 519 1120 674 1186; x_wconf 86' lang='lat' dir='ltr'>uerticem</span> <span class='ocrx_word' id='word_1_50' title='bbox 703 1121 809 1206; x_wconf 89' lang='lat' dir='ltr'>planis</span> <span class='ocrx_word' id='word_1_51' title='bbox 838 1126 977 1206; x_wconf 78' lang='lat' dir='ltr'><strong>secatur,</strong></span> <span class='ocrx_word' id='word_1_52' title='bbox 1007 1121 1066 1185; x_wconf 84' lang='lat' dir='ltr'>tri-</span> 
     </span>
     <span class='ocr_line' id='line_1_9' title="bbox 74 1227 1066 1314; baseline 0.001 -23"><span class='ocrx_word' id='word_1_53' title='bbox 74 1230 252 1314; x_wconf 80' lang='lat' dir='ltr'>angulorum</span> <span class='ocrx_word' id='word_1_54' title='bbox 269 1230 305 1294; x_wconf 92' lang='lat' dir='ltr'>in</span> <span class='ocrx_word' id='word_1_55' title='bbox 323 1229 521 1294; x_wconf 79' lang='lat' dir='ltr'>sectionibus</span> <span class='ocrx_word' id='word_1_56' title='bbox 536 1231 690 1311; x_wconf 87' lang='lat' dir='ltr'>ortorum,</span> <span class='ocrx_word' id='word_1_57' title='bbox 709 1227 765 1311; x_wconf 94' lang='lat' dir='ltr'>qui</span> <span class='ocrx_word' id='word_1_58' title='bbox 780 1229 930 1314; x_wconf 82' lang='lat' dir='ltr'>aequales</span> <span class='ocrx_word' id='word_1_59' title='bbox 944 1228 1066 1294; x_wconf 84' lang='lat' dir='ltr'>habent</span> 
     </span>
     <span class='ocr_line' id='line_1_10' title="bbox 73 1334 612 1421; baseline 0 -23"><span class='ocrx_word' id='word_1_60' title='bbox 73 1334 168 1421; x_wconf 83' lang='lat' dir='ltr'>bases,</span> <span class='ocrx_word' id='word_1_61' title='bbox 188 1337 273 1401; x_wconf 86' lang='lat' dir='ltr'>inter</span> <span class='ocrx_word' id='word_1_62' title='bbox 296 1359 330 1401; x_wconf 90' lang='lat' dir='ltr'>se</span> <span class='ocrx_word' id='word_1_63' title='bbox 354 1340 430 1402; x_wconf 89' lang='lat' dir='ltr'>sunt</span> <span class='ocrx_word' id='word_1_64' title='bbox 453 1334 612 1420; x_wconf 83' lang='lat' dir='ltr'>aequales.</span> 
     </span>
     <span class='ocr_line' id='line_1_11' title="bbox 526 1441 1068 1527; baseline 0.002 -22"><span class='ocrx_word' id='word_1_65' title='bbox 526 1441 571 1505; x_wconf 88' lang='lat' dir='ltr'>sit</span> <span class='ocrx_word' id='word_1_66' title='bbox 604 1463 717 1527; x_wconf 85' lang='lat' dir='ltr'>conus,</span> <span class='ocrx_word' id='word_1_67' title='bbox 753 1441 844 1507; x_wconf 89' lang='lat' dir='ltr'>cuius</span> <span class='ocrx_word' id='word_1_68' title='bbox 876 1446 987 1506; x_wconf 83' lang='lat' dir='ltr'>uertex</span> <span class='ocrx_word' id='word_1_69' title='bbox 1025 1443 1068 1506; x_wconf 88' lang='lat' dir='ltr'>sit</span> 
     </span>
     <span class='ocr_line' id='line_1_12' title="bbox 459 1547 1065 1635; baseline -0.002 -22"><span class='ocrx_word' id='word_1_70' title='bbox 459 1553 617 1634; x_wconf 91' lang='lat' dir='ltr'>punctum</span> <span class='ocrx_word' id='word_1_71' title='bbox 634 1553 671 1635; x_wconf 81' lang='lat' dir='ltr'>A,</span> <span class='ocrx_word' id='word_1_72' title='bbox 693 1547 780 1612; x_wconf 87' lang='lat' dir='ltr'>basis</span> <span class='ocrx_word' id='word_1_73' title='bbox 800 1552 909 1613; x_wconf 88' lang='lat' dir='ltr'>autem</span> <span class='ocrx_word' id='word_1_74' title='bbox 927 1548 1065 1613; x_wconf 87' lang='lat' dir='ltr'>circulus</span> 
     </span>
     <span class='ocr_line' id='line_1_13' title="bbox 460 1655 1067 1740; baseline -0.003 -20"><span class='ocrx_word' id='word_1_75' title='bbox 460 1655 581 1720; x_wconf 87' lang='lat' dir='ltr'>circum</span> <span class='ocrx_word' id='word_1_76' title='bbox 622 1659 769 1720; x_wconf 88' lang='lat' dir='ltr'>centrum</span> <span class='ocrx_word' id='word_1_77' title='bbox 807 1659 835 1719; x_wconf 89' lang='grc' dir='ltr'><strong><em>Β</em></strong></span> <span class='ocrx_word' id='word_1_78' title='bbox 877 1655 1067 1740; x_wconf 84' lang='lat' dir='ltr'>descriptus,</span> 
     </span>
     <span class='ocr_line' id='line_1_14' title="bbox 459 1759 1065 1845; baseline -0.003 -19"><span class='ocrx_word' id='word_1_79' title='bbox 459 1783 540 1827; x_wconf 93' lang='lat' dir='ltr'>cono</span> <span class='ocrx_word' id='word_1_80' title='bbox 565 1765 672 1826; x_wconf 85' lang='lat' dir='ltr'>autem</span> <span class='ocrx_word' id='word_1_81' title='bbox 701 1783 758 1845; x_wconf 90' lang='lat' dir='ltr'>per</span> <span class='ocrx_word' id='word_1_82' title='bbox 782 1759 938 1825; x_wconf 87' lang='lat' dir='ltr'>uerticem</span> <span class='ocrx_word' id='word_1_83' title='bbox 959 1760 1065 1845; x_wconf 87' lang='lat' dir='ltr'>planis</span> 
     </span>
     <span class='ocr_line' id='line_1_15' title="bbox 461 1866 1066 1954; baseline -0.005 -21"><span class='ocrx_word' id='word_1_84' title='bbox 461 1872 548 1933; x_wconf 85' lang='lat' dir='ltr'>secto</span> <span class='ocrx_word' id='word_1_85' title='bbox 589 1867 772 1933; x_wconf 82' lang='lat' dir='ltr'>efficiantur</span> <span class='ocrx_word' id='word_1_86' title='bbox 811 1866 968 1954; x_wconf 73' lang='lat' dir='ltr'>trianguli</span> <span class='ocrx_word' id='word_1_87' title='bbox 1009 1889 1066 1952; x_wconf 87' lang='lat' dir='ltr'>per</span> 
     </span>
     <span class='ocr_line' id='line_1_16' title="bbox 460 1973 1065 2059; baseline -0.003 -20"><span class='ocrx_word' id='word_1_88' title='bbox 460 1975 635 2040; x_wconf 78' lang='lat' dir='ltr'>sectionem</span> <span class='ocrx_word' id='word_1_89' title='bbox 668 1973 745 2059; x_wconf 78' lang='lat' dir='ltr'>orti3</span> <span class='ocrx_word' id='word_1_90' title='bbox 776 1997 852 2039; x_wconf 87' lang='lat' dir='ltr'>nam</span> <span class='ocrx_word' id='word_1_91' title='bbox 884 1973 1065 2059; x_wconf 86' lang='lat' dir='ltr'>triangulos</span> 
     </span>
     <span class='ocr_line' id='line_1_17' title="bbox 459 2080 1066 2164; baseline -0.002 -19"><span class='ocrx_word' id='word_1_92' title='bbox 459 2081 585 2147; x_wconf 87' lang='lat' dir='ltr'>efficere</span> <span class='ocrx_word' id='word_1_93' title='bbox 613 2081 682 2146; x_wconf 89' lang='lat' dir='ltr'>eius</span> <span class='ocrx_word' id='word_1_94' title='bbox 710 2081 798 2146; x_wconf 87' lang='lat' dir='ltr'>modi</span> <span class='ocrx_word' id='word_1_95' title='bbox 827 2080 1001 2164; x_wconf 85' lang='lat' dir='ltr'>sectiones,</span> <span class='ocrx_word' id='word_1_96' title='bbox 1031 2080 1066 2144; x_wconf 91' lang='lat' dir='ltr'>in</span> 
     </span>
     <span class='ocr_line' id='line_1_18' title="bbox 459 2186 1066 2272; baseline -0.007 -19"><span class='ocrx_word' id='word_1_97' title='bbox 459 2188 531 2253; x_wconf 89' lang='lat' dir='ltr'>aliis</span> <span class='ocrx_word' id='word_1_98' title='bbox 546 2189 789 2252; x_wconf 87' lang='lat' dir='ltr'>demonstratur</span> <span class='ocrx_word' id='word_1_99' title='bbox 802 2186 966 2272; x_wconf 83' lang='lat' dir='ltr'>[Apollon.</span> <span class='ocrx_word' id='word_1_100' title='bbox 981 2187 1006 2269; x_wconf 79' lang='grc' dir='ltr'>Ι,</span> <span class='ocrx_word' id='word_1_101' title='bbox 1022 2186 1066 2270; x_wconf 62' lang='lat'>3}</span> 
     </span>
     <span class='ocr_line' id='line_1_19' title="bbox 457 2293 1066 2379; baseline -0.003 -20"><span class='ocrx_word' id='word_1_102' title='bbox 457 2295 568 2379; x_wconf 86' lang='lat' dir='ltr'>itaque</span> <span class='ocrx_word' id='word_1_103' title='bbox 600 2293 705 2359; x_wconf 87' lang='lat' dir='ltr'>effecti</span> <span class='ocrx_word' id='word_1_104' title='bbox 739 2294 804 2359; x_wconf 90' lang='lat' dir='ltr'>sint</span> <span class='ocrx_word' id='word_1_105' title='bbox 831 2300 863 2358; x_wconf 88' lang='lat' dir='ltr'><em>A</em></span> <span class='ocrx_word' id='word_1_106' title='bbox 870 2297 930 2358; x_wconf 89' lang='grc' dir='ltr'>ΓΛ</span> <span class='ocrx_word' id='word_1_107' title='bbox 934 2345 942 2379; x_wconf 87' lang='lat'><em>,</em></span> <span class='ocrx_word' id='word_1_108' title='bbox 965 2297 1066 2357; x_wconf 85' lang='grc' dir='ltr'>ΑΕΖ</span> 
     </span>
     <span class='ocr_line' id='line_1_20' title="bbox 461 2401 1065 2485; baseline -0.005 -19"><span class='ocrx_word' id='word_1_109' title='bbox 461 2401 610 2485; x_wconf 85' lang='lat' dir='ltr'>aequales</span> <span class='ocrx_word' id='word_1_110' title='bbox 623 2401 781 2465; x_wconf 90' lang='lat' dir='ltr'>habentes</span> <span class='ocrx_word' id='word_1_111' title='bbox 798 2401 889 2465; x_wconf 88' lang='lat' dir='ltr'>bases</span> <span class='ocrx_word' id='word_1_112' title='bbox 910 2402 980 2485; x_wconf 77' lang='grc' dir='ltr'>ΓΛ,</span> <span class='ocrx_word' id='word_1_113' title='bbox 993 2403 1025 2464; x_wconf 84' lang='lat' dir='ltr'><em>E</em></span> <span class='ocrx_word' id='word_1_114' title='bbox 1030 2403 1065 2463; x_wconf 93' lang='lat' dir='ltr'>Z.</span> 
     </span>
     <span class='ocr_line' id='line_1_21' title="bbox 72 2503 868 2592; baseline 0.006 -25"><span class='ocrx_word' id='word_1_115' title='bbox 72 2503 143 2590; x_wconf 86' lang='lat' dir='ltr'>dico,</span> <span class='ocrx_word' id='word_1_116' title='bbox 164 2507 345 2592; x_wconf 82' lang='lat' dir='ltr'>triangulos</span> <span class='ocrx_word' id='word_1_117' title='bbox 369 2511 477 2592; x_wconf 80' lang='grc' dir='ltr'><em>ΑΓΔ,</em></span> <span class='ocrx_word' id='word_1_118' title='bbox 495 2512 596 2573; x_wconf 88' lang='grc' dir='ltr'>ΑΕΖ</span> <span class='ocrx_word' id='word_1_119' title='bbox 618 2507 767 2592; x_wconf 88' lang='lat' dir='ltr'>aequales</span> <span class='ocrx_word' id='word_1_120' title='bbox 791 2529 868 2572; x_wconf 89' lang='lat' dir='ltr'>esse.</span> 
     </span>
     <span class='ocr_line' id='line_1_22' title="bbox 130 2612 1066 2697; baseline 0.001 -20"><span class='ocrx_word' id='word_1_121' title='bbox 130 2613 277 2695; x_wconf 88' lang='lat' dir='ltr'>quoniam</span> <span class='ocrx_word' id='word_1_122' title='bbox 314 2612 400 2678; x_wconf 90' lang='lat' dir='ltr'>enim</span> <span class='ocrx_word' id='word_1_123' title='bbox 443 2617 475 2678; x_wconf 91' lang='lat' dir='ltr'>et</span> <span class='ocrx_word' id='word_1_124' title='bbox 510 2614 605 2679; x_wconf 89' lang='lat' dir='ltr'>bases</span> <span class='ocrx_word' id='word_1_125' title='bbox 646 2613 733 2678; x_wconf 85' lang='lat' dir='ltr'>inter</span> <span class='ocrx_word' id='word_1_126' title='bbox 769 2636 802 2678; x_wconf 89' lang='lat' dir='ltr'>se</span> <span class='ocrx_word' id='word_1_127' title='bbox 844 2613 992 2697; x_wconf 85' lang='lat' dir='ltr'>aequales</span> <span class='ocrx_word' id='word_1_128' title='bbox 1034 2618 1066 2678; x_wconf 90' lang='lat' dir='ltr'>et</span> 
     </span>
     <span class='ocr_line' id='line_1_23' title="bbox 73 2719 1066 2806; baseline 0.004 -25"><span class='ocrx_word' id='word_1_129' title='bbox 73 2722 99 2780; x_wconf 87' lang='grc' dir='ltr'><em>Α</em></span> <span class='ocrx_word' id='word_1_130' title='bbox 105 2721 180 2782; x_wconf 81' lang='lat' dir='ltr'>P=</span> <span class='ocrx_word' id='word_1_131' title='bbox 195 2724 228 2783; x_wconf 85' lang='lat' dir='ltr'><em>A</em></span> <span class='ocrx_word' id='word_1_132' title='bbox 233 2724 266 2783; x_wconf 86' lang='grc' dir='ltr'><em>Δ</em></span> <span class='ocrx_word' id='word_1_133' title='bbox 281 2749 322 2770; x_wconf 88' lang='lat'><em>=</em></span> <span class='ocrx_word' id='word_1_134' title='bbox 337 2723 406 2783; x_wconf 85' lang='grc' dir='ltr'>ΑΕ</span> <span class='ocrx_word' id='word_1_135' title='bbox 418 2750 459 2772; x_wconf 90' lang='lat'>==</span> <span class='ocrx_word' id='word_1_136' title='bbox 476 2724 553 2805; x_wconf 86' lang='lat' dir='ltr'>AZ,</span> <span class='ocrx_word' id='word_1_137' title='bbox 578 2720 676 2784; x_wconf 88' lang='lat' dir='ltr'>etiam</span> <span class='ocrx_word' id='word_1_138' title='bbox 697 2719 881 2806; x_wconf 82' lang='lat' dir='ltr'>triangulus</span> <span class='ocrx_word' id='word_1_139' title='bbox 902 2720 1066 2806; x_wconf 78' lang='lat' dir='ltr'>triangulo</span> 
     </span>
     <span class='ocr_line' id='line_1_24' title="bbox 73 2824 510 2910; baseline -0.005 -20"><span class='ocrx_word' id='word_1_140' title='bbox 73 2825 202 2909; x_wconf 81' lang='lat' dir='ltr'>aequalis</span> <span class='ocrx_word' id='word_1_141' title='bbox 225 2828 276 2890; x_wconf 86' lang='lat' dir='ltr'>est</span> <span class='ocrx_word' id='word_1_142' title='bbox 299 2824 404 2909; x_wconf 83' lang='lat' dir='ltr'>[Euel.</span> <span class='ocrx_word' id='word_1_143' title='bbox 422 2825 448 2910; x_wconf 86' lang='lat' dir='ltr'>I,</span> <span class='ocrx_word' id='word_1_144' title='bbox 467 2825 510 2909; x_wconf 71' lang='lat' dir='ltr'>Sl.</span> 
     </span>
    </p>
   </div>
   <div class='ocr_carea' id='block_1_5' title="bbox 535 3037 591 3103">
    <p class='ocr_par' dir='ltr' id='par_1_6' title="bbox 535 3037 591 3103">
     <span class='ocr_line' id='line_1_25' title="bbox 535 3037 591 3103; baseline 0 -1"><span class='ocrx_word' id='word_1_145' title='bbox 535 3037 591 3103; x_wconf 93' lang='lat' dir='ltr'>IV.</span> 
     </span>
    </p>
   </div>
   <div class='ocr_carea' id='block_1_6' title="bbox 75 3160 1064 3334">
    <p class='ocr_par' dir='ltr' id='par_1_7' title="bbox 75 3160 1064 3334">
     <span class='ocr_line' id='line_1_26' title="bbox 129 3160 1064 3248; baseline -0.001 -21"><span class='ocrx_word' id='word_1_146' title='bbox 129 3163 166 3227; x_wconf 89' lang='lat' dir='ltr'>In</span> <span class='ocrx_word' id='word_1_147' title='bbox 188 3162 278 3228; x_wconf 87' lang='lat' dir='ltr'>conis</span> <span class='ocrx_word' id='word_1_148' title='bbox 302 3161 400 3227; x_wconf 88' lang='lat' dir='ltr'>rectis</span> <span class='ocrx_word' id='word_1_149' title='bbox 423 3160 578 3248; x_wconf 79' lang='lat' dir='ltr'>tnianguli</span> <span class='ocrx_word' id='word_1_150' title='bbox 601 3162 723 3228; x_wconf 88' lang='lat' dir='ltr'>similes</span> <span class='ocrx_word' id='word_1_151' title='bbox 750 3163 836 3228; x_wconf 91' lang='lat' dir='ltr'>inter</span> <span class='ocrx_word' id='word_1_152' title='bbox 859 3187 892 3230; x_wconf 89' lang='lat' dir='ltr'>se</span> <span class='ocrx_word' id='word_1_153' title='bbox 917 3162 1064 3247; x_wconf 89' lang='lat' dir='ltr'>aequales</span> 
     </span>
     <span class='ocr_line' id='line_1_27' title="bbox 75 3273 146 3334; baseline 0.099 -6"><span class='ocrx_word' id='word_1_154' title='bbox 75 3273 146 3334; x_wconf 86' lang='lat' dir='ltr'>sunt.</span> 
     </span>
    </p>
   </div>
   <div class='ocr_carea' id='block_1_7' title="bbox 212 3413 1065 3423">
    <p class='ocr_par' dir='ltr' id='par_1_8' title="bbox 212 3413 1065 3423">
     <span class='ocr_line' id='line_1_28' title="bbox 212 3413 1065 3423; baseline 0.004 -5"><span class='ocrx_word' id='word_1_155' title='bbox 212 3413 293 3419; x_wconf 82' lang='lat'>.-..—</span> <span class='ocrx_word' id='word_1_156' title='bbox 300 3413 496 3419; x_wconf 65' lang='lat'><em>-———-----—-</em></span> <span class='ocrx_word' id='word_1_157' title='bbox 907 3415 1065 3423; x_wconf 81' lang='lat'>-.—-—-</span> 
     </span>
    </p>
   </div>
   <div class='ocr_carea' id='block_1_8' title="bbox 76 3492 1064 3640">
    <p class='ocr_par' dir='ltr' id='par_1_9' title="bbox 76 3492 1064 3640">
     <span class='ocr_line' id='line_1_29' title="bbox 76 3492 1064 3570; baseline 0.008 -25"><span class='ocrx_word' id='word_1_158' title='bbox 76 3492 187 3564; x_wconf 75' lang='grc' dir='ltr'><strong><em>ἂλλήλοις</em></strong></span> <span class='ocrx_word' id='word_1_159' title='bbox 199 3515 226 3565; x_wconf 90' lang='lat' dir='ltr'>p.</span> <span class='ocrx_word' id='word_1_160' title='bbox 282 3502 323 3552; x_wconf 87' lang='lat'>18.</span> <span class='ocrx_word' id='word_1_161' title='bbox 344 3497 484 3568; x_wconf 82' lang='grc' dir='ltr'><strong><em>ἀλλήλαις]</em></strong></span> <span class='ocrx_word' id='word_1_162' title='bbox 498 3496 627 3565; x_wconf 81' lang='grc' dir='ltr'><strong><em>ἀλλήλαις</em></strong></span> <span class='ocrx_word' id='word_1_163' title='bbox 641 3495 711 3553; x_wconf 77' lang='lat' dir='ltr'>stolo</span> <span class='ocrx_word' id='word_1_164' title='bbox 724 3517 751 3567; x_wconf 78' lang='lat' dir='ltr'>p,</span> <span class='ocrx_word' id='word_1_165' title='bbox 807 3497 864 3553; x_wconf 78' lang='grc' dir='ltr'><strong><em>λσαι</em></strong></span> <span class='ocrx_word' id='word_1_166' title='bbox 874 3498 956 3570; x_wconf 86' lang='lat' dir='ltr'>(alt.)]</span> <span class='ocrx_word' id='word_1_167' title='bbox 972 3496 1024 3552; x_wconf 77' lang='lat' dir='ltr'>slot</span> <span class='ocrx_word' id='word_1_168' title='bbox 1037 3516 1064 3567; x_wconf 90' lang='lat' dir='ltr'>p.</span> 
     </span>
     <span class='ocr_line' id='line_1_30' title="bbox 106 3567 988 3640; baseline 0.007 -22"><span class='ocrx_word' id='word_1_169' title='bbox 106 3573 141 3622; x_wconf 78' lang='lat'>19.</span> <span class='ocrx_word' id='word_1_170' title='bbox 159 3569 222 3640; x_wconf 83' lang='lat' dir='ltr'>AZ]</span> <span class='ocrx_word' id='word_1_171' title='bbox 243 3572 294 3623; x_wconf 85' lang='grc' dir='ltr'>ΑΖ</span> <span class='ocrx_word' id='word_1_172' title='bbox 312 3567 371 3623; x_wconf 84' lang='grc' dir='ltr'><strong><em>λ’σαι</em></strong></span> <span class='ocrx_word' id='word_1_173' title='bbox 388 3568 518 3636; x_wconf 75' lang='grc' dir='ltr'><strong><em>ἀλλήλαις</em></strong></span> <span class='ocrx_word' id='word_1_174' title='bbox 535 3587 561 3638; x_wconf 90' lang='lat' dir='ltr'>p.</span> <span class='ocrx_word' id='word_1_175' title='bbox 635 3575 677 3626; x_wconf 79' lang='lat'>20.</span> <span class='ocrx_word' id='word_1_176' title='bbox 697 3568 769 3640; x_wconf 76' lang='grc' dir='ltr'>ἴσον]</span> <span class='ocrx_word' id='word_1_177' title='bbox 790 3567 851 3624; x_wconf 72' lang='grc' dir='ltr'><em>ἴσον</em></span> <span class='ocrx_word' id='word_1_178' title='bbox 870 3567 944 3624; x_wconf 78' lang='grc' dir='ltr'><strong><em>ἐστίν</em></strong></span> <span class='ocrx_word' id='word_1_179' title='bbox 961 3587 988 3638; x_wconf 87' lang='lat' dir='ltr'>p.</span> 
     </span>
    </p>
   </div>
   <div class='ocr_carea' id='block_1_9' title="bbox 0 0 1248 3938">
    <p class='ocr_par' dir='ltr' id='par_1_10' title="bbox 0 0 1248 3938">
     <span class='ocr_line' id='line_1_31' title="bbox 0 0 1248 3938; baseline 0 0"><span class='ocrx_word' id='word_1_180' title='bbox 0 0 1248 3938; x_wconf 95' lang='lat' dir='ltr'> </span> 
     </span>
    </p>
   </div>
  </div>
 </body>
</html>
