2488 3938
354 883 417 955 Du
448 881 679 956 SEOTIONE
709 881 829 956 OONI.

164 1055 263 1132 Quum
299 1056 400 1123 sectio
438 1078 606 1143 concrum,
648 1057 768 1141 optime
806 1055 900 1143 Cyre,
936 1058 972 1121 in
1008 1058 1097 1122 conis

106 1162 271 1250 triangulos
296 1163 447 1248 efficiens,
471 1162 499 1228 si
521 1186 579 1248 per
599 1165 755 1229 uerticem
774 1186 886 1229 eorum
903 1165 951 1249 fic,
974 1166 1098 1230 uariam

107 1269 308 1354 subtilemque
350 1270 518 1335 materiam
560 1270 746 1354 disputandi
786 1272 939 1355 praebeat
980 1295 1039 1337 nec
1081 1296 1100 1337 a

106 1396 253 1459 qucquam
277 1381 351 1441 ante
375 1397 448 1460 noc,
472 1377 558 1459 quod
581 1376 695 1462 sciam,
717 1381 916 1461 pertractata
939 1379 995 1463 sit,
1018 1379 1099 1443 mihi

105 1480 214 1564 placuit
240 1484 326 1548 hunc
354 1484 460 1548 locum
488 1483 648 1547 incultum
672 1505 738 1547 non
760 1483 954 1570 relinquere,
982 1486 1037 1549 sed
1061 1487 1099 1550 de

106 1608 139 1650 ea
158 1611 189 1653 re
211 1589 330 1674 dicere,
352 1611 433 1673 quac
456 1589 593 1674 percepi.
639 1591 732 1655 credo
754 1589 871 1675 igItur,
892 1590 1043 1674 pleraque
1068 1596 1101 1655 et

105 1693 162 1759 fere
188 1719 268 1780 quae
295 1696 410 1761 altiore
433 1696 612 1782 geometria
638 1718 733 1782 egere
760 1696 931 1761 uideantur
959 1720 977 1761 a
1004 1697 1099 1762 nobis

104 1803 265 1883 perstricta
287 1824 366 1886 esse,
390 1795 446 1867 sed
468 1824 534 1866 non
556 1803 707 1886 mirabor,
732 1803 760 1868 si
779 1803 856 1886 quid
874 1825 995 1889 eorum,
1018 1824 1099 1886 quae

105 1910 261 1974 tractanda
298 1913 402 1994 erant,
439 1909 586 1973 omisisse
621 1909 782 1992 inueniar‚
819 1910 937 1995 quippe
972 1910 1028 1994 qui
1060 1910 1100 1974 ad

104 2011 174 2079 haec
191 2016 359 2080 tractanda
372 2015 496 2100 primus
510 2014 717 2094 adcesserim;
736 2037 834 2099 quare
850 2021 1101 2082 consentaneum

105 2125 156 2204 est,
174 2127 228 2187 aut
247 2127 279 2186 te
299 2123 431 2186 eandem
451 2119 674 2205 quaestionem
691 2123 875 2207 ingressum
890 2127 946 2187 aut
961 2123 1101 2206 aliquem

105 2247 215 2314 eorum,
238 2229 294 2312 qui
312 2233 427 2313 postca
444 2229 562 2312 legent,
583 2229 659 2293 hinc
677 2229 859 2313 profectum
878 2229 1002 2313 addere,
1021 2251 1101 2312 quae

104 2353 157 2399 nos
176 2335 458 2419 praetermisimus.
496 2335 652 2418 quaedam
671 2357 748 2399 uero
768 2335 868 2400 ctiam
886 2335 924 2399 de
942 2334 1103 2399 industria

20 2483 22 2492 ‚
104 2442 277 2526 omisimus,
317 2445 374 2505 aut
414 2441 491 2525 quia
526 2441 699 2506 manifesta
736 2445 812 2505 sunt
853 2445 909 2506 aut
948 2441 988 2505 ab
1029 2440 1101 2505 aliis

102 2547 328 2626 demonstrata3
358 2547 448 2612 uelut
477 2547 589 2612 statim
615 2547 761 2612 inomni
790 2568 871 2612 cono
901 2547 1100 2632 triangulum

103 2674 165 2719 esse
188 2654 373 2738 sectionem,
396 2655 424 2719 si
447 2677 504 2738 per
527 2654 684 2719 uerticem
707 2658 840 2738 secetur,
865 2654 941 2740 quia
964 2655 1004 2720 ab
1029 2654 1101 2720 aliis

104 2758 261 2845 [Apollon.
280 2759 309 2847 Ι,
332 2760 368 2845 3]
396 2762 652 2826 demonstratum
676 2765 726 2826 est
752 2761 801 2826 ita
826 2783 861 2826 sc
882 2762 1015 2847 habere,
1043 2783 1102 2826 nos

104 2868 287 2951 omittimus,
310 2890 350 2932 ne
374 2867 451 2951 quid
474 2867 614 2932 alienum
637 2866 688 2951 iis,
711 2889 792 2950 quae
816 2890 835 2930 a
856 2867 951 2932 nobis
970 2869 1104 2933 inuenta

104 2978 181 3058 suut,
200 2974 243 3038 sit
256 2974 450 3039 immixtum.
484 2994 565 3056 quae
579 2995 656 3037 uero
671 2972 817 3037 futilicra
831 2978 907 3038 sunt
923 2979 956 3039 et
971 2997 989 3038 a
1002 2973 1102 3058 uulgo

104 3077 188 3145 facile
212 3080 534 3164 comprehenduntur,
557 3078 756 3162 perscribere
780 3079 1041 3163 detrectauimus,
1062 3100 1102 3142 ne

104 3346 165 3416 κων]
182 3345 317 3414 παρήκων
335 3362 361 3413 p.
435 3346 553 3416 πρῶτος]
577 3360 650 3414 rep,
675 3319 775 3410 apricis
796 3342 828 3396 V.
888 3348 943 3402 ,13.
963 3338 1103 3414 καθέντα]

104 3413 233 3472 καθιέντα
252 3415 361 3485 Halley.
425 3421 466 3470 16.
486 3415 590 3486 ἄλλοις]
610 3415 640 3469 ἐν
659 3413 752 3475 ἄλλοις
769 3431 795 3482 p.
862 3417 902 3467 1⁷.
922 3413 1014 3485 κώνῳ]
1033 3429 1103 3483 ch,

105 3490 162 3551 post
178 3490 230 3544 κώ·
248 3505 302 3543 ras.
324 3495 336 3540 1
357 3486 413 3542 litt.
432 3487 465 3542 V.
