2592 3932
211 174 276 238 240
522 178 609 229 nm
627 178 755 230 Κουοο
773 179 910 230 τοΜΗΣ.

211 320 340 402 διήχθω
364 319 384 402 ἡ
407 319 558 403 NERO,
586 318 640 384 καὶ
664 320 848 405 ἐπεζεύχθω
872 321 892 404 ἡ
915 326 1000 386 ΝΑ·
1025 322 1046 404 ἡ
1069 322 1134 407 άρα
1157 319 1218 385 ὑπὸ

211 430 283 490 ΒΝ
285 429 318 490 Γ
335 429 440 508 γωνία
462 426 550 511 ὀρδή
574 425 676 491 ἐστιν·
701 426 737 491 έν
760 427 943 516 ἡμικυκλίῳ
962 429 1035 514 γάρ.
1073 425 1142 492 ἐπεὶ
1161 422 1218 492 οὖν

211 534 247 598 τὸ
277 531 340 597 άιιὸ
368 542 425 616 τῆς
448 537 513 598 ΑΒ
543 539 617 598 λ’σον
640 531 709 598 ἐστὶ
731 545 800 610 τοῖς
823 533 887 599 άιτὸ
912 538 988 618 ΒΓ,
1018 538 1096 617 ΓΑ,
1122 535 1162 599 τὸ
1185 529 1217 596 δέ

211 640 274 705 άιιὸ
302 643 371 704 ΒΓ
393 645 467 704 ίσου
488 640 562 726 ξτοῖς
590 640 653 704 άπὸ
681 644 764 723 ΒΝ,
796 644 878 724 ΝΓ,
906 642 943 705 τὸ
971 642 1035 722 άρα
1063 640 1125 705 άπὸ
1155 643 1217 704 ΑΒ

176 761 192 808 5
212 752 286 811 ίσον
310 744 379 811 ἐστὶ
401 758 471 822 τοῖς
493 746 556 810 άπὸ
579 750 662 830 ΒΝ,
685 751 725 811 Ν
727 750 768 830 Γ,
793 750 825 811 Γ
825 753 871 831 Α,
895 743 943 811 ὧν
965 758 1036 823 τοῖς
1058 747 1121 812 άτιὸ
1141 750 1216 828 ΓΝ,

212 857 245 918 Γ
244 859 276 918 Α
299 854 335 917 τὸ
359 850 422 917 άιιὸ
447 857 523 917 ΑΝ
543 858 617 918 ίσου
640 852 721 917 έστί·
748 854 784 918 τὸ
809 855 873 939 άρα
897 853 960 918 άτιὸ
984 863 1042 937 τῆς
1063 859 1129 918 ΑΒ
1151 864 1216 928 τοῖς

168 984 170 989 ·
211 959 274 1024 άιιὸ
303 963 389 1042 ΒΝ,
416 963 488 1024 ΝΑ
516 965 590 1024 ίσον
618 958 716 1024 ἐστίν.
767 959 854 1045 ὀρθὴ
883 961 947 1046 άρα
974 957 1003 1043 ν]
1022 960 1088 1025 ὑπὸ
1114 964 1215 1025 ΒΝΑ

210 1070 327 1148 γωνία·
378 1065 398 1148 ἡ
427 1070 503 1130 AN
530 1067 595 1151 άρα
626 1066 711 1144 ὕψος
744 1063 812 1130 ἐστὶ
843 1075 904 1131 τοῦ
932 1067 989 1131 διδι
1016 1076 1077 1132 τοῦ
1104 1065 1214 1144 ἄξονος

211 1175 390 1258 τριγώνου,
419 1167 459 1237 οὗ
487 1171 583 1254 βάσις
611 1170 701 1237 ἐστὶν
728 1172 749 1256 ἡ
774 1172 879 1246 ΟΒΞ.
924 1171 980 1237 καὶ
1004 1171 1074 1238 έιιελ
1096 1174 1131 1238 τὸ
1154 1172 1212 1236 άτιὸ

160 1292 193 1340 10
211 1288 269 1360 τῆς
292 1282 337 1342 Μ
359 1284 433 1342 ἴσον
461 1276 528 1343 ἐστὶ
556 1290 625 1354 τοῖς
648 1277 711 1343 άπὸ
735 1282 815 1362 ΛΓ,
845 1282 925 1362 ΓΝ,
954 1282 1022 1344 ἔστι
1047 1276 1084 1344 δέ
1105 1277 1156 1343 ιιαλ
1179 1279 1213 1341 τὸ

211 1383 274 1449 άπὸ
302 1393 359 1468 τῆς
382 1389 457 1450 ΑΝ
482 1390 555 1449 ίσον
583 1397 652 1461 τοῖς
675 1385 738 1449 άιτὸ
762 1389 835 1470 ΑΓ,
864 1388 945 1468 ΓΝ,
974 1391 1028 1469 ίση
1053 1387 1115 1472 άρα
1136 1384 1154 1466 ι]
1179 1387 1215 1448 Μ

211 1499 250 1575 τῇ
269 1495 352 1555 ΑΝ·
373 1489 528 1555 ὥστεκαὶ
548 1490 835 1577 συναμφότερος]
855 1495 968 1556 ΛΑΝ
981 1488 1212 1576 συναμφοτέρῳ

210 1605 249 1682 τῇ
277 1601 383 1662 ΒΑΓ
410 1603 464 1681 ἴση
497 1596 579 1681 ἐστί,
612 1595 667 1661 καὶ
699 1598 735 1661 τὸ
768 1597 833 1661 ὑπὸ
866 1605 924 1681 τῆς
956 1597 1133 1683 διαμέτρου
1162 1593 1212 1660 καὶ

212 1702 465 1789 συναμφοτέρου
493 1711 551 1786 τῆς
573 1707 685 1768 ΛΑΝ
708 1712 754 1791 τῷ
781 1703 846 1767 ὑπὸ
874 1712 933 1786 τῆς
960 1702 1137 1789 διαμέτρου
1163 1699 1211 1766 καλ

160 1824 192 1871 15
213 1808 466 1894 συναμφοτέρου
490 1818 547 1894 τῆς
565 1813 671 1873 ΒΑΓ
689 1816 762 1874 ίσον
784 1808 882 1874 ἐστίν.
920 1808 1003 1874 άλλά
1021 1811 1059 1875 τὸ
1078 1807 1137 1894 μέν
1153 1809 1211 1872 ὑπὸ

212 1925 270 1998 τῆς
293 1914 471 2002 διαμέτρου
493 1913 549 1980 καὶ
572 1914 825 2002 συναμφοτέρου
849 1925 907 1999 τῆς
925 1919 1031 1980 ΒΑΓ
1047 1915 1212 1981 διπλάσιόν

211 2020 279 2086 έστι
302 2030 362 2085 τοῦ
385 2024 540 2105 μεγίστου
562 2020 618 2086 καὶ
641 2021 813 2105 ἐλαχίστου
836 2022 1011 2107 τριγώνου,
1039 2017 1087 2087 ὧν
1110 2021 1211 2105 βάσεις

210 2123 269 2211 μὲν
293 2129 330 2191 αί
346 2131 428 2210 ΖΗ,
447 2132 528 2211 ΕΛ,
550 2127 619 2212 ὕψη
644 2126 680 2192 δέ
704 2130 741 2192 αί
757 2133 838 2212 ΒΑ,
857 2133 936 2212 ΑΓ,
960 2130 997 2193 τὸ
1023 2125 1060 2193 δέ
1079 2128 1142 2192 ὑπὸ
1161 2135 1210 2208 τῆς

209 2231 386 2319 διαμέτρου
423 2231 479 2298 καὶ
516 2232 769 2321 συναμφοτέρου
807 2243 864 2318 τῆς
901 2239 1013 2300 ΛΑΝ
1046 2234 1211 2299 διπλάσιόν
1265 2277 1266 2298 τ

158 2355 192 2403 20
213 2341 281 2407 ἐστι
304 2352 371 2406 τών
394 2342 577 2428 τριγώνων,
600 2336 648 2406 ὧν
671 2340 783 2425 βάσεις
805 2338 865 2425 μέν
889 2343 926 2406 αί
949 2346 1029 2426 ΘΚ,
1056 2342 1131 2425 ΟΞ,
1151 2340 1209 2420 ὕψη

210 2445 246 2512 δδ
274 2449 311 2512 αί
332 2452 415 2531 ΛΑ,
443 2453 527 2514 ΑΝ·
556 2449 597 2512 τά
624 2449 687 2534 άρα
711 2451 870 2535 τρίγωνα,
898 2442 946 2512 ὧν
968 2448 1082 2532 βάσεις
1106 2445 1164 2532 μέν
1182 2445 1213 2509 αἱ
1264 2509 1265 2520 ,

212 2558 290 2637 ΘΚ,
306 2554 381 2637 ΟΞ,
399 2553 469 2637 ὕψη
488 2551 525 2619 δέ
545 2556 582 2618 αί
594 2558 677 2638 ΛΑ,
692 2559 777 2638 ΑΝ,
798 2561 853 2619 ίσα
871 2552 941 2618 ἐστὶ
954 2564 1000 2641 τῳ
1015 2577 1051 2618 τε
1066 2554 1209 2639 ἐλαχίστῳ

207 2657 261 2722 καὶ
292 2669 338 2747 τῳ
367 2663 508 2747 μεγίστῳ
542 2671 609 2725 τῶν
641 2661 697 2724 διά
729 2669 790 2724 τοῦ
824 2659 950 2738 άξονος.
1002 2664 1062 2725 καί
1090 2660 1156 2726 έστι
1180 2658 1209 2722 τὸ

206 2761 310 2829 δοθέν
341 2766 378 2830 τὸ
411 2763 463 2829 έιιὶ
494 2776 552 2848 τῆς
585 2770 663 2831 ΘΚ·
696 2766 831 2852 εὕρηται
863 2769 928 2853 άρα
966 2769 1131 2852 τρίγωνον
1162 2765 1208 2830 διὰ

276 2964 299 3012 1.
321 2958 454 3028 NERO]
475 2959 614 3017 ΜΞΒΟῬ
634 2975 656 3014 ο.
742 2960 964 3083 4.τοῖς]τρςο.
1051 2965 1075 3014 5.
1100 2959 1162 3030 ΓΑ]
1179 2975 1202 3026 p,

206 3029 330 3083 NAVc.
405 3030 602 3100 PNJNPp.
685 3037 708 3084 6.
735 3031 801 3101 PA]
827 3034 876 3083 ΓΑ
908 3027 1079 3086 σουέστί.
1153 3029 1205 3082 ΑΝ

205 3098 501 3172 ίσουέοτί]τῆςΑΝ
516 3120 542 3169 p.
599 3102 666 3226 ΑΒ]
681 3106 730 3154 ΑΒ
750 3099 810 3156 ἴσον
830 3097 887 3154 ἐστί
903 3119 930 3171 p.
1004 3049 1071 3156 λδ)

206 3188 304 3241 om.p.
371 3172 625 3243 BNA]p‚BAN
671 3189 693 3226 ο.
765 3173 1006 3245 8.AN]NAp.
1082 3173 1191 3226 11.λΓ

205 3252 262 3304 τοῖς
279 3247 335 3296 ΑΓ
350 3260 372 3298 ο.
430 3249 470 3296 12.
491 3241 710 3315 συναμφότερος]
730 3241 951 3312 συναμφοτέροις
969 3244 1003 3298 V.
1066 3250 1107 3297 14.
1128 3239 1206 3298 ΛΑΝ

205 3345 238 3352 -
259 3319 300 3367 15.
319 3316 379 3385 τῆς]
399 3330 451 3367 om.
472 3331 494 3367 ο.
569 3320 609 3368 16.
629 3315 678 3368 καὶ
697 3312 922 3388 συναμφοτέρου]
940 3333 967 3385 p,
987 3331 1041 3370 om.
1062 3315 1115 3369 Vc.
1168 3316 1200 3366 17.

204 3385 350 3455 τριγώνου]
369 3393 424 3439 τῶν
440 3385 581 3455 τριγώνων
599 3403 626 3454 p.
701 3391 741 3441 18.
765 3388 835 3458 ΖΗ]
854 3405 886 3456 p,
908 3390 960 3441 ΖΕ
979 3386 1034 3440 vv.
1112 3389 1202 3440 ΖΗ·-

205 3458 247 3505 20.
267 3454 297 3507 αλ
333 3471 385 3508 om.
405 3472 427 3508 ο.
506 3462 547 3509 18.
572 3457 638 3526 EA]
658 3461 883 3526 vp‚Eecorr.
903 3457 1028 3512 m.1V.
1105 3457 1202 3528 ΒΑΜ),

211 3524 262 3573 ΨΑ
311 3542 337 3579 v.
410 3531 452 3578 20.
472 3519 522 3597 ὦν]
541 3543 569 3595 μ,
589 3543 641 3581 om.
661 3528 694 3583 V.
768 3534 809 3582 24.
830 3526 977 3600 τρίγωνον]
998 3545 1051 3583 om.
1071 3546 1097 3597 p.

1061 3118 1111 3156 σον
1127 3099 1204 3240 ἐστίν]
