2504 3928
171 168 234 232 180
405 196 407 201 .
487 169 574 219 ΠΕΡΙ
592 167 721 221 muoz*
739 169 875 230 ΤΟΜΗΣ.

644 364 707 434 ις’.

226 488 333 555 Ἔστω
358 492 522 574 τρίγωνον
544 486 649 554 δοθὲν
673 491 711 555 τὸ
736 494 841 555 ΑΒΓ
855 491 1031 574 ,σκαληνὸν
1055 488 1180 572 μείζονα

85 609 86 612 ’
171 600 247 682 ἕχον
265 599 326 681 τὴν
346 600 410 661 ΑΒ
433 604 491 680 τῆς
509 599 585 680 ΑΓ,
608 596 629 680 ἡ
652 593 689 661 δὲ
707 600 775 662 ΒΓ
793 597 890 683 βάσις
910 598 1089 681 τετμήσθω
1112 594 1181 676 δίχα

170 705 312 769 κατὰτὸ
336 709 384 787 Δ,
410 701 466 768 καὶ
490 703 621 786 διήχθω
642 703 663 787 ἡ
686 709 770 789 ΑΛ,
797 702 853 770 καὶ
879 704 901 789 ἡ
924 701 984 789 μὲν
1008 707 1079 768 ΕΛ
1106 699 1182 783 πρὸς

136 823 152 871 5
171 811 279 897 ὀρθάς
296 812 378 876 ἔστω
396 817 435 895 τῇ
455 813 524 874 ΒΓ
538 815 591 894 ἴση
611 806 694 875 οὖσα
712 819 752 896 τῇ
770 817 850 894 ΔΑ,
868 810 889 894 ἡ
909 808 946 875 δὲ
959 815 1027 875 ΑΖ
1046 806 1182 878 κάθετος

172 915 225 983 έτιλ
247 918 309 1001 τὴν
327 919 398 982 ΒΓ.
435 918 544 1000 μεῖζον
567 925 626 980 τοῦ
648 920 754 981 ΑΒΓ
772 918 853 982 άλλο
876 919 1044 1002 τρίγωνον
1069 913 1182 993 συστή-
1240 919 1241 924 ’

172 1030 296 1089 σασθαι
320 1025 381 1107 τὴν
404 1022 468 1087 ιἰτιὸ
491 1031 549 1106 τῆς
571 1032 720 1110 κορυφῆς
748 1021 800 1088 έιιὶ
823 1025 884 1107 τὴν
908 1025 1106 1108 διχοτομίαν
1131 1027 1183 1101 τῆς

171 1130 297 1214 βάσεως
316 1134 392 1212 ἴσην
413 1126 548 1215 ἑκατέρα
566 1141 633 1194 τῶν
651 1134 733 1213 ΔΕ,
752 1135 823 1194 ΛΑ
844 1128 901 1194 καὶ
922 1129 1062 1216 προσέτι
1087 1130 1183 1209 λόγον

172 1240 247 1321 έχον
278 1237 361 1321 πρὸς
389 1237 427 1301 τὸ
455 1239 569 1319 ΑΒΓ,
602 1235 642 1300 ὃν
669 1235 689 1319 ἡ
721 1241 749 1301 Θ
779 1237 863 1323 πρὸς
889 1241 928 1301 H
955 1241 1077 1322 μείζων
1106 1233 1182 1318 πρὸς

120 1355 154 1403 10
173 1343 343 1408 ἐλάττονα·
375 1341 472 1426 έχέτω
501 1338 538 1406 δὲ
564 1341 585 1425 ἡ
616 1347 644 1407 Θ
675 1343 758 1429 πρὸς
787 1347 826 1407 Η
852 1346 953 1426 λόγον
980 1345 1024 1429 μὴ
1055 1344 1182 1428 μείζονα

172 1451 253 1536 ἥπερ
277 1449 297 1532 ἡ
320 1453 389 1514 ΔΕ
409 1450 492 1534 πρὸς
515 1454 549 1513 Α
555 1453 590 1514 Ζ.

238 1555 362 1644 κέντρῳ
390 1566 435 1641 τῷ
464 1562 511 1639 Δ,
544 1556 738 1640 διαστήματι
767 1553 804 1620 δὲ
830 1565 876 1643 τῷ
903 1563 973 1621 ΛΑ
1000 1555 1179 1643 γεγράφθω

172 1665 303 1741 κύκλος·
326 1662 395 1746 ἥξει
418 1663 460 1747 δὴ
483 1660 538 1726 καὶ
561 1663 618 1726 διά
640 1672 699 1727 τοῦ
722 1667 765 1727 E·
790 1665 873 1728 έστω
897 1663 938 1747 δὴ
962 1663 980 1729 ὁ
1004 1669 1082 1730 EA.

239 1769 308 1836 έτιεὶ
335 1767 398 1836 οὖν
424 1769 442 1836 ὁ
470 1777 529 1853 τῆς
558 1773 586 1834 Θ
612 1771 694 1854 πρὸς
718 1774 757 1834 Η
781 1773 878 1852 λόγος
905 1770 945 1835 οὐ
973 1775 1093 1855 μείζων
1116 1762 1178 1833 ἐστὶ

122 1887 154 1936 15
173 1885 233 1941 τοῦ
255 1885 313 1960 τῆς
336 1880 407 1941 ΔΕ
427 1877 510 1962 πρὸς
528 1882 560 1941 Α
566 1879 603 1959 Ζ,
626 1877 699 1959 ἤτοι
722 1876 740 1943 ὁ
765 1876 864 1954 αὐτός
883 1876 972 1943 ἐστιν
991 1875 1011 1960 ἢ
1032 1877 1178 1943 ἐλάττων.

247 2109 270 2159 1.
294 2103 353 2174 ις’]
375 2121 394 2172 p
414 2105 442 2156 et
464 2120 500 2158 m.
519 2119 573 2158 ree.
592 2102 626 2172 V,
649 2119 702 2158 om.
723 2103 775 2158 Vc.
812 2103 974 2158 Praemittit
992 2122 1025 2174 p:
1048 2103 1177 2174 τριγώνου

174 2172 311 2238 δοθέντος
334 2177 472 2243 σκαληνοῦ
495 2174 543 2228 καὶ
568 2175 624 2229 ἀπὸ
650 2183 698 2244 τῆς
720 2183 846 2244 κορυφῆς
870 2174 915 2228 ἐτιλ
942 2175 994 2244 τὴν
1021 2170 1176 2246 Βιγοτομέαν

174 2255 250 2373 τῆςθ
258 2244 364 2336 βάσρως
395 2243 516 2370 Ζγμέντρς
542 2243 662 2369 ἶάθελαρ
698 2244 763 2335 ἄλλο
796 2247 888 2370 μεῑὶζορ
919 2244 1056 2372 τάρέρωνρν
1086 2241 1177 2332 συστά-

175 2336 290 2460 ἷλῗάῖλ
306 2335 535 2460 έᾶἱὶιάέιῆάε
549 2320 777 2460 άλὲἷιῖέῖέῖῗέ
787 2337 924 2451 άλιῖλῖς
937 2332 1178 2459 ἰὲιῖιλςιῖῗλλῖέῖ

174 2459 206 2516 δὲ
231 2461 303 2532 ἔχειν
326 2460 396 2528 πρὸς
418 2460 449 2515 τὸ
473 2456 562 2514 δοθὲν
585 2456 733 2528 τρίγωνον,
757 2457 790 2514 ὃν
812 2458 912 2514 εὐθεῖά
930 2480 971 2523 τις
994 2458 1091 2529 μείζων
1114 2457 1177 2526 πρὸς

176 2531 321 2587 ἐλάττονα·
342 2535 386 2586 δεῖ
403 2531 433 2585 θ’
456 2529 507 2594 τὰς
519 2531 651 2593 τοιαύτας
665 2527 780 2593 εὐθείας
792 2530 876 2600 λόγον
892 2530 964 2601 ἔχειν
982 2532 1052 2599 πρὸς
1066 2530 1177 2600 ἀλλήλας

175 2551 1175 2743 ιιιάιαιάιάιιλάααιιαιιιαιάναά

176 2752 231 2813 φῆς
250 2744 296 2797 έτλ
314 2743 365 2812 τὴν
384 2693 466 2813 βάσιν
480 2744 634 2814 πιπτούσης
647 2742 779 2799 καθέτου.
835 2751 859 2798 2.
879 2742 1015 2814 τρίγωνον
1033 2696 1132 2816 Βάθέν]
1149 2740 1175 2795 τὸ
1242 2744 1243 2748 ’

175 2811 265 2870 δοθὲν
284 2814 422 2883 σκαληνὸν
440 2811 576 2884 τρίγωνον
594 2833 620 2884 p.
675 2815 826 2886 σκαληνόν]
845 2832 899 2872 om.
913 2835 939 2885 p.
998 2821 1022 2871 3.
1042 2817 1112 2888 ΑΓ]
1132 2813 1178 2869 ΒΓ
1242 2807 1243 2822 ’

175 2885 257 2976 ch,
277 2902 346 2940 corr.
362 2884 465 2939 Oomm.
533 2886 551 2955 ἡ
570 2883 601 2940 δὲ
616 2890 672 2940 ΒΓ
682 2885 773 2958 βάσις]
787 2884 836 2941 καλ
849 2905 875 2956 p.
945 2888 1013 2959 ΒΓ]
1028 2893 1050 2942 Β
1064 2904 1142 2942 ενιιιι.
1156 2900 1174 2937 ι.

212 2958 288 3029 Βιχα]
306 2956 324 3026 ἡ
340 2960 395 3010 ΒΓ
409 2955 489 3026 βάσις
502 2953 568 3027 δίχα
581 2976 608 3027 p.
681 2965 705 3012 4.
725 2960 777 3011 καί
786 2956 869 3030 (alt.)]
888 2974 940 3013 om.
956 2976 982 3027 p.
1051 2959 1069 3029 ἡ
1084 2954 1133 3027 μέν
1146 2985 1175 2996 -ν

176 3034 200 3082 6.
219 3028 420 3100 συστήσασθαι]
444 3026 524 3099 ἤχθω
546 3025 577 3083 δὲ
596 3028 652 3083 ἀπὸ
670 3037 719 3083 τοῦ
738 3034 760 3082 A
784 3029 832 3082 καὶ
852 3028 974 3092 κάθετος
998 3029 1043 3083 ἐπὶ
1061 3029 1113 3099 τὴν
1131 3027 1178 3082 ΒΓ

175 3097 258 3172 βάσιν
276 3100 293 3170 ἡ
312 3103 376 3168 ΑΖ,
399 3099 448 3154 καὶ
466 3097 532 3155 δέον
552 3099 619 3154 έστω
642 3098 707 3154 ἄλλο
728 3101 821 3168 μεῖζον
839 3097 975 3170 τρίγωνον
994 3100 1174 3170 συστήσασθαι

176 3171 223 3225 ἐπὶ
240 3179 289 3241 τῆς
303 3175 359 3224 ΒΓ
372 3189 399 3240 p.
455 3176 479 3226 8.
495 3168 612 3244 ἑκατέρᾳ
626 3202 660 3211 -
674 3171 740 3260 ΔΑ]
760 3169 823 3241 ἔχον
841 3179 875 3242 τῇ
889 3176 942 3226 ΑΔ
959 3189 986 3241 p.
1042 3178 1066 3227 9.
1086 3169 1174 3240 ΑΒΓ]

176 3246 259 3296 ΑΒΓ
274 3239 410 3312 τρίγωνον
428 3260 454 3311 p.
535 3245 560 3297 Θ
578 3273 612 3284 -—
631 3247 672 3296 10.
694 3241 837 3313 ἐλάττονα]
859 3245 884 3297 Θ
902 3240 1000 3311 μείζων
1019 3242 1089 3311 πρὸς
1108 3240 1174 3296 ἐλάτ-

176 3333 247 3368 τονα
265 3313 317 3383 τὴν
336 3317 408 3382 Hp.
469 3318 510 3366 10.
531 3314 574 3384 H]
593 3312 644 3382 τὴν
663 3316 692 3366 Η
708 3330 734 3381 p.
798 3318 840 3367 11.
860 3312 943 3386 ἥπερ]
962 3322 1011 3370 τοῦ
1030 3312 1064 3369 ὃν
1085 3313 1138 3368 έει
1154 3331 1175 3382 p.

212 3385 285 3454 ΔΕ]
309 3388 360 3437 ΔΑ
378 3401 405 3452 p.
478 3384 545 3454 AZ]
569 3399 638 3438 corr.
658 3399 691 3436 ex
710 3387 792 3437 ΔΑΖ
809 3401 845 3438 m.
866 3391 879 3438 1
900 3402 923 3438 ο.
1006 3391 1047 3440 12.
1066 3406 1083 3439 ιι
1100 3384 1175 3457 ντρρ]

176 3452 257 3522 ἤχθω
276 3454 332 3507 ἀπὸ
350 3462 400 3508 τοῦ
415 3459 440 3508 Δ
458 3452 528 3521 πρὸς
546 3452 636 3521 ὀρθὰς
653 3452 671 3522 ἡ
686 3459 712 3507 Δ
721 3457 743 3506 Ε
760 3453 808 3508 καὶ
826 3451 931 3523 κέντρω
948 3473 975 3525 p.
1030 3453 1133 3525 κέντρα
1146 3487 1174 3496 -

178 3525 241 3594 ΔΑ]
270 3539 322 3577 om.
351 3540 374 3578 ο.
482 3521 635 3592 γεγράφθω
658 3555 693 3564 -
717 3529 758 3578 13.
784 3526 851 3597 EA]
883 3511 986 3582 ιιάιιλον
1019 3511 1174 3596 περιφέρεια
