2488 3938
153 143 196 204 60
422 142 510 192 ΠΕΡι
528 141 744 193 KTAINAPOT
762 142 899 194 τοιιΗΣ.

220 283 379 349 ἐκκείσθω
402 287 567 370 τρίγωνον
591 285 756 368 σκαληνὸν
779 285 817 349 τὸ
836 286 941 348 ΑΒΓ
956 281 1008 348 ἐπὶ
1024 291 1088 366 τῆς
1110 285 1176 346 ΒΓ

154 391 280 476 βάσεως
303 392 379 475 δίχα
398 389 597 475 τεμνομένης
614 391 696 455 κατὰ
714 392 751 455 τὸ
773 396 816 474 Δ,
835 388 890 454 καὶ
908 393 1026 474 μείζων
1043 391 1133 454 ε”στω
1153 388 1172 470 ἤ

153 502 220 563 ΑΒ
239 506 296 581 τῆς
314 501 385 581 ΑΓ,
407 495 462 561 καὶ
484 499 567 585 πρὸς
584 506 624 582 τῇ
644 500 708 561 ΓΑ
727 497 843 584 εὐθείᾳ
860 494 916 561 καὶ
933 506 980 585 τῷ
994 501 1026 560 A
1043 497 1172 580 σημείῳ

155 605 341 670 συνεστάτω
372 607 477 686 γωνία
506 603 526 686 ἤ
555 603 620 669 ὑπὸ
650 615 718 668 τών
747 607 827 687 ΓΑ,
851 608 919 668 ΑΕ
946 605 1020 685 ἤτοι
1049 605 1174 686 μείζων

121 725 137 771 5
157 707 240 778 οὖσα
259 720 316 794 τῆς
333 710 399 775 ὑπὸ
418 721 485 775 τών
499 714 576 793 ΑΒ,
591 713 657 775 ΒΓ
671 709 691 793 ἤ
711 709 869 793 ἐλώσσων,
887 707 943 773 καὶ
958 706 1172 792 συμπιπτέτω

154 818 174 900 ἤ
202 822 271 882 ΑΕ
296 827 335 904 τῇ
363 821 462 882 ΒΓΕ
487 817 569 881 κατδι
596 818 633 881 τὸ
661 821 705 900 Ε,
732 814 787 881 καὶ
813 827 881 881 τών
904 820 977 900 ΒΕ,
1001 819 1071 880 ΕΓ
1091 812 1172 898 μέση

155 924 321 1006 ἀνάλογον
348 926 430 989 ἔστω
458 923 478 1007 ἤ
506 928 584 1007 ΒΖ,
607 921 662 988 καὶ
690 923 872 1007 ἐπεζεύχθω
896 922 916 1005 ἤ
941 926 1021 1006 ΑΖ,
1050 919 1109 986 καὶ
1135 929 1172 1004 τῇ

155 1036 223 1095 ΑΒ
249 1030 458 1116 παράλληλος
485 1029 522 1094 έν
548 1039 593 1118 τῷ
622 1030 772 1117 τριγώνῳ
801 1030 930 1113 διῆχθω
958 1029 978 1110 ἡ
1005 1033 1095 1111 ΘΗ,
1119 1024 1172 1091 καὶ

155 1137 211 1200 διὰ
238 1147 305 1201 τών
331 1141 373 1219 Θ,
396 1140 435 1200 Η
459 1139 603 1220 σημείων
629 1147 669 1222 τῇ
695 1140 760 1200 ΑΖ
783 1136 987 1222 παράλληλοι
1009 1136 1173 1219 ἤχθωσαν

102 1256 136 1304 10
155 1244 192 1306 αί
215 1246 293 1325 ΘΚ,
313 1245 389 1306 ΛΗ
391 1247 438 1326 M,
460 1241 515 1306 καὶ
539 1239 834 1329 συμπεπληρώσθω
853 1243 890 1306 τὸ
910 1244 991 1306 ΚΜ
1004 1244 1172 1327 παραλλη-

157 1351 363 1433 λόγραμμον,
386 1347 441 1413 καὶ
470 1350 526 1413 διὰ
553 1357 611 1432 τῆς
634 1352 699 1413 BE
724 1346 885 1432 ἀχθέντος
908 1345 1071 1412 ἐπιπέδου.
1091 1346 1172 1430 πρὸς

156 1454 262 1542 ὀρθδις
280 1463 325 1542 τῷ
339 1458 444 1520 ΒΑΕ
461 1454 602 1542 ἐπιπέδῳ
622 1454 804 1539 γεγράφθω
824 1452 860 1518 ἐν
874 1462 919 1541 τῳ
939 1452 1079 1537 ἀχθέντι
1098 1447 1172 1535 περὶ

154 1559 215 1646 μὲν
238 1563 299 1646 την
317 1565 386 1626 ΚΛ
405 1562 581 1648 διοίμετρον
599 1560 617 1626 ὁ
637 1563 745 1625 ΚΝΑ
762 1561 883 1637 κύκλος
901 1559 997 1643 βάσις
1016 1559 1170 1644 ἐσόμενος

154 1670 347 1756 κυλίνδρου,
362 1665 403 1734 οὗ
417 1670 454 1733 τὸ
469 1669 525 1732 διδι
539 1676 598 1732 τοῦ
613 1666 730 1745 ἄξονος
743 1669 1089 1753 παραλληλόγραμμόν
1104 1665 1170 1730 ἐστι

103 1788 136 1835 15
156 1777 192 1840 τὸ
221 1779 311 1859 ΚΜ,
338 1773 414 1860 περὶ
442 1772 478 1838 δέ
505 1776 566 1858 τὴν
594 1777 662 1839 ΒΓ
685 1773 861 1858 διάμετρον
888 1772 906 1838 ὁ
933 1772 1033 1846 ΒΞΓ
1051 1773 1170 1845 κύκλος

155 1882 252 1966 βώσις
274 1880 429 1965 ἐσόμενος
451 1881 572 1964 κώνου,
597 1876 637 1945 οὗ
660 1881 696 1945 τὸ
716 1881 773 1944 διὰ
791 1889 851 1944 τοῦ
870 1877 988 1957 ίίξονος
1005 1879 1169 1966 τρίγωνόν

156 1987 225 2052 ἐστι
244 1989 280 2052 τὸ
300 1990 410 2070 ΑΒΓ,
433 1984 489 2051 καὶ
508 1995 565 2070 τῆς
585 1991 658 2052 ΘΗ
673 1985 890 2070 ἐκβληθείσης
907 1984 960 2050 ἐπὶ
977 1988 1015 2051 τὸ
1032 1991 1060 2051 0
1075 1989 1168 2070 ἤχθω

155 2095 238 2178 πρὸς
261 2092 367 2179 ὀρθὰς
390 2103 429 2178 τῇ
448 2094 550 2177 ΒΕῆ
571 2098 642 2158 ΟΠ
662 2093 698 2158 έν
720 2101 766 2180 τῷ
790 2102 857 2157 τών
875 2094 1007 2157 κύκλων
1026 2090 1168 2176 ἐπιπέδῳ

156 2195 250 2283 οὖσα,
273 2197 328 2264 καὶ
350 2201 444 2283 ἤχθω
469 2200 524 2263 διὰ
547 2209 614 2264 τών
641 2203 809 2283 ΟΠ,οΘ
834 2199 977 2264 εὐθειῶν
1001 2198 1167 2265 ἐπίπεδον·

104 2319 138 2367 20
156 2309 285 2390 ποιῆσει
314 2307 355 2389 δῆ
384 2308 488 2390 τομῆν
516 2305 552 2370 ἐν
579 2316 625 2393 τῷ
648 2307 743 2394 κώνῳ
768 2315 812 2394 τῷ
837 2303 890 2370 ε’πὶ
912 2313 970 2388 τῆς
992 2304 1095 2378 ΒΞΓ
1112 2300 1166 2387 βοί-

157 2431 247 2491 σεως.
283 2417 416 2479 ποιείτω
436 2415 496 2496 τὴν
513 2416 629 2477 ΘΡΗ·
653 2413 673 2496 ἤ
694 2416 766 2476 ΘΗ
780 2414 844 2498 ἄρα
863 2411 979 2476 εὐθεῖα
998 2409 1167 2495 διάμετρός

157 2520 226 2585 ἐστι
248 2529 306 2604 τῆς
329 2529 437 2605 τομῆς.
473 2529 532 2602 τῆς
555 2514 617 2584 οὖν
638 2522 711 2583 ΘΗ
730 2520 806 2602 δίχα
829 2521 1010 2602 τμηθείσης
1031 2519 1114 2582 κατὰ
1131 2513 1165 2578 τὸ

157 2629 192 2688 Σ
207 2628 427 2710 κατῆχθωσαν
446 2624 650 2709 τεταγμένως
669 2623 718 2689 ἐπ’
740 2625 845 2708 αύτῆν
864 2624 1001 2710 δευτέρα
1020 2621 1080 2709 μὲν
1100 2620 1165 2689 διοί-

157 2753 274 2818 μετρος
300 2731 320 2814 ἤ
345 2736 410 2796 ΡΣ
417 2736 457 2815 Τ,
485 2741 630 2815 τυχοῦσα
653 2728 732 2814 δδῆ
760 2736 837 2814 ΤΦ,
860 2729 915 2795 καὶ
938 2729 1102 2815 γενέσθω,
1125 2727 1164 2801 ώς

104 2849 138 2898 25
157 2839 194 2902 τὸ
223 2836 285 2902 ἀπὸ
314 2847 371 2922 τῆς
401 2842 473 2903 ΘΗ
496 2837 673 2924 διαμέτρου
701 2846 759 2921 τῆς
783 2841 886 2902 ΘΡΗ
905 2846 1005 2922 τομῆς
1027 2839 1109 2923 πρὸς
1131 2833 1164 2898 τὸ

158 3047 371 3055 ——-—

203 3179 252 3255 -3,
281 3173 330 3244 τῇ]
354 3171 408 3228 inc.
431 3171 478 3227 fol.
499 3178 574 3241 1771,
600 3191 655 3243 mg.
676 3191 735 3242 sup.
754 3190 790 3226 m.
811 3178 840 3226 2:
868 3180 949 3227 τοῦτο
973 3176 1093 3244 ζητεῖται
1114 3167 1161 3238 πρὸ

158 3265 228 3329 φολλ
243 3259 278 3326 ἐξ.
333 3265 371 3333 τῷ
385 3267 406 3314 Α
422 3259 536 3335 σημείῳ]
554 3267 592 3334 τῷ
609 3261 680 3330 πρὸς
694 3263 765 3333 αὐτῇ
780 3258 881 3334 σημείῳ
896 3267 969 3334 τῷΑ
987 3281 1014 3331 p.
1071 3271 1095 3317 4.
1113 3267 1162 3314 τῶν

159 3333 300 3403 ΓΑ,ΑΕ]
322 3334 402 3385 ΓΑΕ
419 3349 446 3400 p.
534 3337 557 3387 5.
581 3341 636 3387 τῶν
655 3337 714 3400 ΑΒ,
734 3333 804 3404 ΒΓ]
824 3336 948 3412 ΑΒΓμ.
1036 3326 1161 3396 ἐλάσσων]

159 3418 216 3541 {²⁰}
218 3437 261 3541 1η,
293 3422 327 3473 ut
349 3419 520 3489 saepissime.
617 3426 641 3475 6.
671 3422 768 3492 ΒΓΕ]
795 3425 850 3474 ΒΓ
868 3439 895 3489 p.
995 3429 1037 3478 25.
1069 3415 1161 3484 ΘΡΗ]

265 3507 287 3542 ο.
