2504 3928
376 241 378 248 .
398 202 448 252 nn
467 201 643 254 sacriora
662 201 757 255 conr.
1018 201 1081 264 175

72 345 223 410 minimus
250 349 374 427 aulem,
409 344 465 428 qui
497 345 537 409 ad
568 344 674 410 basim
704 344 777 410 eoni
808 346 1080 430 perpendicularis

71 456 131 537 est,
172 452 371 539 reliquorum
413 455 522 516 autem
558 450 699 515 maximo
738 450 871 536 propior
907 453 1080 518 remotiore

70 558 173 623 maior
195 565 252 626 est.

131 687 209 731 nam
229 667 266 731 in
289 688 371 732 cono
396 666 524 731 scaleno
543 686 713 750 pararem
727 668 793 729 AB
815 664 972 750 trianguli
991 666 1079 731 duali

8 839 9 844 ,
69 770 146 856 sint,
186 772 406 856 aequicrurius
437 775 550 855 ΑΓΔ,
586 771 860 857 perpendicularis
897 777 1005 837 autem
1040 773 1080 837 ad

67 877 200 960 planum
222 879 312 944 basis
336 884 445 944 ΑΕΖ.
489 879 570 964 dieo,
594 878 739 944 omnium
761 879 999 965 iriangulorum
1021 903 1079 965 per

732 1007 826 1050 axem
908 987 1079 1054 ductorum

642 1148 644 1155 ,,
673 1086 678 1096 ’
731 1093 908 1158 maximum
1008 1117 1078 1162 esse

732 1205 764 1264 A
770 1204 845 1286 ΓΔ,
908 1202 1078 1270 minimum

731 1312 840 1372 autem
863 1314 972 1375 ΑΕΖ.

793 1415 836 1479 sii
871 1417 958 1482 enim
995 1419 1077 1484 alius

726 1521 908 1607 triangulus
918 1546 976 1607 per
984 1547 1078 1590 axem

726 1627 841 1692 duetus
873 1633 988 1694 ΑΗΘ.
1044 1636 1077 1696 et

725 1733 879 1816 quoniam
896 1757 996 1802 eonus
1011 1759 1078 1802 sea·

724 1838 816 1905 lenus
840 1846 899 1928 esi,
922 1842 991 1908 axis
1009 1848 1076 1909 AB

617 1965 620 1971 ·
725 1946 765 2010 ad
783 1952 891 2032 paries
912 1954 939 2014 Z
962 1973 1075 2016 uersus

723 2052 898 2121 inclinatus
914 2057 970 2144 sit3
988 2058 1075 2124 laius

724 2159 826 2246 igitur
845 2168 913 2228 ΑΕ
935 2164 1076 2229 maxima

724 2272 774 2332 est
803 2269 947 2334 omnium
977 2274 1076 2335 reeta-

724 2398 797 2440 rum
852 2376 892 2439 ab
947 2381 980 2438 A
1035 2376 1076 2440 ad

724 2482 883 2547 ambilum
898 2481 1077 2568 ductarum,

72 2582 200 2650 minima
223 2590 332 2652 autem
354 2592 420 2652 AZ
448 2587 552 2672 [prop.
571 2587 674 2673 XVI}
727 2589 836 2672 iaque
860 2593 1075 2673 EA>AH‚

73 2690 131 2755 ΖΑ
144 2705 177 2766 <
192 2697 268 2757 ΑΘ.
302 2694 455 2778 quoniam
467 2694 571 2780 igitur
587 2696 651 2761 duo
668 2695 824 2782 trianguli
843 2699 954 2779 ΑΕΖ,
969 2700 1076 2761 ΑΗΘ

71 2791 157 2865 bases
180 2803 259 2883 EZ,
279 2804 349 2864 ΗΘ
377 2801 525 2885 aequales
549 2801 672 2867 habent
697 2807 882 2887 reatamque
911 2826 930 2867 a
953 2804 1075 2869 uerliee

72 2903 108 2967 ad
126 2911 284 2992 punctum
307 2907 449 2972 medium
477 2907 565 2973 basis
589 2909 724 2974 eandem
747 2912 827 2992 ΑΒ,
851 2913 884 2974 ei

359 3018 781 3099 AE:AZ>HA:Ae,

72 3117 126 3183 erit
157 3119 192 3189 Δ
206 3124 307 3185 ΑΕΖ
321 3125 442 3194 <HA
450 3126 479 3186 Θ
513 3121 619 3206 [prop.
642 3121 728 3206 XX}
783 3121 934 3210 simililer
966 3126 1075 3186 autem

73 3219 317 3314 demonstratur,
354 3228 453 3293 etiam
490 3227 640 3294 omnibus
678 3227 850 3312 triangulis
890 3251 948 3313 per
982 3250 1074 3292 axem

73 3327 168 3399 luetis
195 3335 354 3400 minorem
385 3357 459 3400 eum
491 3357 575 3420 esse3
607 3354 685 3420 ergo
713 3337 780 3398 EA
786 3338 813 3397 Z
841 3334 995 3399 minimus
1024 3338 1073 3398 esi

75 3442 208 3506 omnium
240 3441 479 3528 triangulorum
512 3463 571 3526 per
603 3463 695 3506 axem
724 3440 903 3506 ductorum.
962 3462 1072 3504 rursus

75 3548 216 3627 quoniam
239 3546 478 3634 triangulorum
495 3552 527 3611 A
533 3551 571 3611 H
574 3551 616 3629 Θ,
635 3548 739 3610 ΑΓΔ
758 3550 791 3610 et
809 3546 904 3612 bases
924 3548 1072 3632 aequales
