2504 3928
172 313 324 390 κορυφῆς
354 304 495 380 κάθετος
526 302 579 369 ἐπὶ
611 305 648 370 τὸ
680 314 737 388 τῆς
766 304 892 388 βάσεως
921 303 1075 369 ἐπίπεδον
1102 305 1176 368 κατὰ

172 413 209 476 τὸ
229 415 268 493 Ε,
291 409 346 476 καὶ
369 411 552 495 ἐπεζεύχθω
576 412 596 495 ἡ
619 415 693 495 ΒΕ,
715 409 770 476 καὶ
794 413 1041 496 διεκβεβλήσδω
1064 413 1101 476 τὸ
1124 419 1177 475 τοῦ

174 522 277 583 ΑΒΕ
297 519 462 603 τριγώνου
482 518 637 583 ἐπίπεδον
656 526 776 583 ποιοῦν
795 518 832 583 ἐν
850 528 896 607 τῷ
913 520 1010 607 κώνῳ
1029 520 1066 584 τὸ
1085 525 1117 582 A
1123 519 1152 582 Γ
1149 523 1177 581 Δ

173 628 345 711 τρίγωνον.
401 623 501 707 λέγω,
533 624 583 688 ὅτι
610 626 648 689 τὸ
675 627 773 689 ΑΓΔ
805 625 887 710 πρὸς
915 624 1018 711 ὀρθάς
1046 623 1113 689 ἐστι
1143 633 1177 707 τῇ
1232 656 1233 716 ¹

139 742 155 789 5
174 732 268 816 βάσει
290 740 350 796 τοῦ
373 732 493 796 κώνου.

241 837 309 904 ἐπεὶ
332 838 395 924 γὰρ
419 838 439 921 ἡ
463 842 531 903 ΑΕ
556 838 697 915 κοίδετός
720 837 810 903 ἐστιν
839 836 892 904 ἐπὶ
918 839 957 903 τὸ
980 847 1038 922 τῆς
1059 837 1178 921 βάσεώς
1233 872 1234 952 ¹

175 944 345 1029 ἐπίπεδον,
370 943 425 1010 καὶ
447 945 554 1010 πάντα
577 947 641 1030 ἄρα
664 946 704 1009 τὰ
728 945 784 1009 διὰ
806 955 864 1029 της
886 950 954 1010 ΑΕ
976 944 1112 1011 ἐπίπεδα
1134 942 1178 1006 έκ-
1233 955 1234 966 ’

174 1056 359 1137 βαλλόμενα
386 1054 469 1139 πρὸς
495 1051 601 1138 ὀρθάς
624 1052 694 1117 ἐστι
721 1061 766 1140 τῷ
795 1062 853 1136 της
875 1052 1003 1136 βάσεως
1030 1050 1177 1138 ἐπιπέδῳ·
1234 1088 1235 1176 ¹

174 1158 229 1224 καὶ
256 1161 294 1225 τὸ
317 1162 417 1224 ΑΓΔ
444 1161 507 1245 ἄρα
534 1162 699 1243 τρίγωνον
725 1160 808 1246 πρὸς
835 1159 941 1246 ὀρθάς
964 1159 1034 1224 ἐστι
1060 1169 1105 1248 τῷ
1127 1167 1179 1241 της

123 1274 157 1323 10
176 1267 303 1349 βάσεως
326 1265 481 1354 ἐπιπέδῳ·
506 1268 584 1353 ὅπερ
609 1267 674 1332 ἔδει
696 1276 840 1351 ποιῆσαι.

174 158 238 222 152
488 162 575 225 ΠΕΡΙ
593 160 722 213 muoz*
740 162 876 214 ΤοιιΗΣ.

654 1461 709 1530 ις’.

241 1584 316 1652 Ἐὰν
334 1598 440 1664 κῶνος
458 1589 620 1670 σκαληνὸς
639 1589 696 1652 διδι
714 1596 773 1652 τοῦ
788 1585 905 1665 ἄξονος
918 1587 1060 1676 ἐπιπέδῳ
1075 1592 1178 1671 τμηθῇ

176 1695 258 1780 πρὸς
285 1693 391 1780 ὀρθὰς
422 1705 461 1780 τῇ
494 1695 602 1778 βάσει,
634 1695 671 1760 τὸ
699 1697 877 1778 γενόμενον
904 1699 1068 1781 τρίγωνον
1094 1697 1178 1759 ἔσται

177 1802 352 1884 σκαληνόν,
376 1796 417 1865 οὗ
439 1800 460 1883 ἡ
482 1797 543 1885 μὲν
565 1803 683 1885 μείζων
705 1802 831 1886 πλευρὰ
853 1806 989 1885 μεγίστη
1014 1806 1101 1868 ἔσται
1121 1822 1178 1864 πα-

125 1919 158 1966 15
177 1919 246 1972 σῶν
272 1917 339 1971 τῶν
363 1906 426 1971 ἀπὸ
454 1917 512 1990 τῆς
534 1917 684 1993 κορυφῆς
710 1917 769 1972 τοῦ
792 1909 902 1973 κώνου
934 1907 987 1974 ἐπὶ
1014 1912 1075 1993 τὴν
1095 1930 1178 1992 περι-

178 2013 314 2099 φέρειαν
336 2023 394 2096 τῆς
416 2013 542 2097 βοίσεοις
565 2012 736 2098 ἀγομένων
759 2014 916 2098 εὐθειῶν,
939 2015 960 2098 ἡ
984 2012 1021 2081 δὲ
1044 2015 1178 2081 ἐλάττων

177 2122 304 2205 πλευρὰ
323 2119 472 2204 ἐλαχίστη
491 2131 607 2185 πασῶν
625 2131 692 2186 τῶν
706 2120 827 2206 ὁμοίως
845 2119 1018 2205 ἀγομένων
1036 2122 1179 2202 εὐθειῶν,

178 2240 245 2294 τῶν
268 2225 305 2293 δὲ
328 2228 438 2291 ἄλλων
461 2226 603 2291 εὐθειῶν
625 2225 646 2308 ἡ
669 2237 708 2312 τῇ
731 2230 865 2312 μεγίστη
889 2230 1002 2310 ἔγγιον
1024 2238 1082 2313 τῆς
1099 2228 1178 2293 ιἰπώ-

178 2341 274 2422 τερόν
297 2334 365 2401 ἐστι
388 2337 514 2419 μείζων.
1092 2323 1095 2332 ’

125 2451 159 2501 20
245 2446 326 2510 έστοι
349 2452 455 2518 κῶνος
478 2443 649 2524 σκαληνός,
673 2435 713 2505 οὗ
735 2443 866 2526 κορυφὴ
889 2437 950 2526 μέν
972 2443 1009 2507 τὸ
1029 2448 1070 2527 Α,
1092 2441 1178 2525 βάσις

179 2546 216 2615 δὲ
243 2549 261 2615 ὁ
290 2552 390 2614 ΓΕΔ
417 2549 551 2630 κύκλος,
583 2545 671 2624 ἄξων
699 2544 735 2611 δὲ
762 2547 780 2613 ὁ
808 2551 888 2631 AB,
919 2557 980 2613 τοῦ
1014 2546 1051 2614 δὲ
1077 2550 1177 2614 κώνου

180 2655 363 2740 τμηθέντος
385 2655 441 2718 διδι
463 2662 523 2718 τοῦ
542 2652 659 2731 ἄξονος
676 2655 758 2740 πρὸς
777 2653 882 2740 ὀρθὰς
899 2664 945 2742 τῷ
963 2658 1064 2720 ΓΕΔ
1079 2657 1178 2740 κύκλῳ

179 2763 216 2826 τὸ
239 2764 418 2845 γενόμενον
440 2764 604 2845 τρίγωνον
627 2764 708 2826 ε”στοι
732 2761 769 2825 τὸ
788 2763 898 2844 ΑΓΔ,
919 2762 1126 2846 προσνευέτα
1148 2757 1179 2824 δὲ

180 2867 198 2932 ὁ
226 2865 313 2944 ἄξων
340 2864 393 2931 ἐπὶ
420 2867 457 2932 τὸ
484 2872 517 2930 Δ
549 2866 654 2953 μέρος.
709 2865 778 2932 ἐπεὶ
806 2863 868 2932 οὖν
899 2873 1067 2951 σκαληνοῦ
1094 2870 1179 2942 ὄντος

129 2987 162 3034 25
181 2983 241 3041 τοῦ
269 2975 378 3038 κώνου
411 2974 472 3038 οὔκ
500 2972 590 3038 ἐστιν
621 2974 641 3056 ἡ
669 2978 734 3038 ΑΒ
767 2975 849 3060 πρὸς
881 2974 987 3060 ὀρθῶς
1018 2985 1065 3063 τῳ
1094 2977 1180 3041 ΓΔΕ

252 3172 276 3221 2.
297 3167 366 3236 BE]
386 3169 441 3218 ΒΓ
456 3165 510 3234 Vc,
530 3169 581 3219 ΕΒ
600 3184 627 3235 p,
647 3182 714 3220 corr.
734 3166 836 3235 Halley
855 3168 899 3236 (eb
918 3165 1042 3237 Com).
1114 3169 1179 3222 διεκ-

181 3237 338 3310 βεβλήσθω]
368 3235 545 3308 ἐκβεβλήσθω
568 3255 594 3305 p.
685 3243 710 3291 3.
738 3239 834 3308 ABE]
862 3241 949 3292 ΑΗΕ
971 3238 1029 3308 Vc,
1058 3243 1135 3294 AER
1155 3255 1178 3306 p,

181 3326 249 3363 corr.
270 3309 373 3363 Comm.
447 3314 471 3361 9.
490 3305 585 3362 καί-
602 3312 642 3362 10.
663 3305 798 3381 ἐπιπέδῳ]
819 3308 861 3362 bis
880 3309 913 3363 V.
983 3317 1024 3364 10.
1044 3309 1111 3378 ὅπερ
1130 3308 1179 3363 ἔδει

182 3381 308 3450 ποιῆσαι]
328 3396 380 3433 om.
401 3397 427 3447 p.
488 3385 528 3432 18.
548 3378 703 3450 ἀποτερον]
718 3398 745 3448 p,
765 3379 903 3448 ἀπώτερον
917 3380 970 3435 Vc.
1031 3388 1072 3436 22.
1093 3379 1178 3449 ΓΕΔ]

182 3453 265 3503 ΑΕΔ
284 3467 351 3504 corr.
372 3466 405 3503 ex
424 3453 510 3502 ΑΕΓ
529 3466 564 3503 m.
586 3454 599 3501 1
620 3466 642 3502 ο.
721 3457 762 3504 23.
782 3448 967 3522 προσνευέτα]
986 3451 1030 3505 bis
1050 3469 1072 3506 ο.
1142 3455 1176 3503 25.

185 3520 279 3588 ΓΔΕ]
300 3523 382 3572 ΓΕΔ
401 3537 428 3589 p.
