2592 3932
173 166 238 229 276
488 169 576 219 ΠΕΡΙ
593 167 721 220 mor
739 169 876 220 ΤΟΜΗΣ.

173 316 271 375 ΒΕΖ
299 313 465 396 τρίγωνον
487 312 570 397 πρὸς
592 312 629 377 τὸ
654 313 767 394 ΑΓΔ,
795 312 840 387 ὡς
863 308 901 376 δὲ
923 312 959 376 τὸ
982 313 1080 374 ΒΕΖ
1104 311 1185 394 πρὸς
1267 335 1269 360 ι

172 428 209 493 τὸ
233 431 347 510 ΑΓΛ,
375 426 480 503 οὕτως
507 429 545 493 τὸ
568 431 667 492 ΑΓΔ
694 429 777 513 πρὸς
805 428 840 493 τὸ
864 431 979 511 ΚΕΖ,
1007 427 1051 503 ὡς
1079 425 1184 512 ἄραὴ

175 546 236 607 ΓΔ
258 544 341 629 πρὸς
364 544 424 627 τὴν
448 548 526 626 ΕΖ,
550 543 656 620 οὕτως
678 544 715 608 τὸ
735 547 834 607 ΑΓΔ
857 546 1022 629 τρίγωνον
1044 543 1129 628 πρὸς
1150 543 1185 606 τὸ
1269 519 1270 532 ἢ

173 661 285 724 ΚΕΖ.
340 659 423 724 ὥστε
460 657 529 723 ἐπεὶ
565 659 605 723 τδι
637 662 750 742 ΑΓΔ,
786 661 886 724 ΚΕΖ
923 663 1068 745 τρίγωνα
1104 659 1186 743 πρὸς
1270 741 1271 756 ,

138 775 300 858 σύλληλοί
332 774 423 839 ἐστιν
451 760 496 851 ὡς
523 775 561 838 αί
585 773 711 857 βάσεις,
743 773 809 838 ὑπὸ
835 774 873 839 τὸ
901 773 983 838 αύτὸ
1011 775 1074 859 ἄρα
1100 772 1186 850 ὕψος
1270 767 1271 794 ³

175 889 278 955 ἐστίν·
308 895 361 973 ίση
386 891 450 975 ἄρα
473 888 493 972 ἡ
518 892 593 953 AH
610 899 650 974 τῇ
674 892 750 953 ΚΘ.
796 887 852 954 καὶ
876 887 945 954 ἐπεὶ
969 887 986 954 ὁ
1011 893 1051 952 Η
1067 889 1186 962 κύκλος

175 1005 260 1090 πρὸς
281 1006 340 1069 τὸν
362 1009 390 1069 Θ
412 1006 536 1069 κύκλον
559 1005 758 1069 διπλασίονα
781 1007 882 1087 λόγον
901 1007 966 1089 ἔχει
984 1005 1067 1090 ἤπερ
1088 1004 1108 1087 ἡ
1129 1006 1184 1067 ΓΔ
1271 991 1272 1006 ’

176 1120 351 1206 διάμετρος
372 1121 456 1206 πρὸς
478 1122 540 1203 τὴν
558 1125 636 1204 ΕΖ,
660 1121 706 1196 ὡς
729 1116 766 1184 δὲ
788 1119 809 1202 ἡ
829 1124 890 1185 ΓΔ
913 1120 1090 1205 διάμετρος
1108 1119 1185 1200 πρὸς

173 1236 236 1319 τὴν
257 1239 336 1320 ΕΖ,
362 1235 468 1311 οὕτως
490 1237 527 1300 τὸ
551 1239 651 1300 ΑΓΔ
673 1239 838 1322 τρίγωνον
860 1236 943 1321 πρὸς
965 1236 1002 1300 τὸ
1026 1238 1142 1316 ΕΚΖ,
1168 1231 1183 1297 ὁ

122 1364 155 1412 10
174 1352 238 1436 ἄρα
261 1355 301 1414 Η
323 1352 443 1428 κύκλος
469 1352 552 1437 πρὸς
578 1352 638 1417 τὸν
663 1355 691 1415 Θ
720 1352 844 1416 κύκλον
866 1353 1064 1415 διπλασίονα
1089 1352 1183 1432 λόγον

175 1469 240 1550 ἔχει
267 1467 349 1552 ἤπερ
378 1467 415 1531 τὸ
444 1470 546 1531 ΓΑΔ
574 1468 657 1552 πρὸς
684 1468 721 1532 τὸ
749 1470 858 1531 ΕΚΖ.
910 1461 975 1550 εἶχε
1003 1462 1040 1530 δὲ
1067 1464 1125 1530 καὶ
1151 1465 1183 1528 τὸ
1273 1525 1274 1530 ,

174 1586 273 1646 ΕΒΖ
295 1583 379 1669 πρὸς
401 1583 438 1648 τὸ
458 1586 558 1647 ΕΚΖ
582 1584 780 1648 διπλασίονα
804 1585 904 1666 λόγον
926 1584 1008 1667 ἥπερ
1028 1583 1065 1646 τὸ
1086 1584 1183 1645 ΓΑΔ

174 1699 257 1783 πρὸς
275 1699 311 1762 τὸ
326 1701 440 1762 ΕΚΖ·
461 1698 505 1774 ὡς
523 1700 588 1784 ἄρα
606 1697 624 1763 ὁ
639 1703 679 1762 Η
692 1699 814 1774 κύκλος
831 1698 914 1784 πρὸς
931 1699 990 1763 τὸν
1006 1702 1035 1762 Θ
1053 1699 1183 1774 κύκλον,

175 1813 262 1878 οὕτω
290 1815 327 1879 τὸ
350 1819 449 1879 ΕΒΖ
478 1817 643 1900 τρίγωνον
665 1814 748 1900 πρὸς
771 1802 808 1879 τὸ
831 1816 946 1896 ΕΚΖ,
974 1811 1144 1878 τουτέστιν
1165 1810 1182 1892 ἡ

123 1939 155 1988 15
175 1932 241 1992 ΒΘ
268 1929 384 1994 εύθελα
410 1931 493 2016 πρὸς
520 1931 581 2014 τὴν
603 1933 679 1994 ΚΘ.
724 1933 783 1994 καί
805 1929 895 1995 ἐστιν
918 1929 938 2013 ἡ
964 1933 1031 1994 ΘΚ
1052 1938 1093 2014 τῇ
1116 1928 1187 1992 AH

176 2049 244 2126 ίση·
273 2043 318 2120 ὡς
344 2046 409 2130 ἄρα
435 2045 452 2110 ὁ
476 2049 516 2109 Η
534 2047 655 2122 κύκλος
676 2047 760 2131 πρὸς
782 2047 841 2110 τὸν
867 2049 895 2109 Θ
917 2046 1055 2126 κύκλον,
1084 2045 1184 2116 οὕτως

175 2158 195 2241 ἡ
220 2163 285 2223 ΒΘ
315 2159 431 2224 εὐθεῖα
452 2162 537 2246 πρὸς
558 2162 620 2244 τὴν
642 2165 723 2225 ΑΗ.
769 2164 827 2225 καί
847 2163 932 2226 εἰσιν
955 2162 993 2225 αί
1013 2165 1093 2244 ΒΘ,
1116 2159 1187 2223 AH

175 2273 289 2352 ἄξονες
325 2285 392 2339 τῶν
424 2275 543 2340 κώνων
574 2274 630 2340 καὶ
664 2275 926 2342 ἀντιπεπόνθασι
958 2286 1030 2352 ταῖς
1061 2275 1182 2358 βάσεσι,

175 2389 326 2455 τουτέστι
349 2402 418 2467 τοῖς
441 2395 485 2474 Η,
512 2396 541 2456 Θ
562 2392 708 2468 κύκλοις·
734 2393 769 2456 οί
790 2394 854 2478 ἄρα
876 2396 918 2475 Α,
943 2395 970 2455 Β
994 2401 1097 2455 κῶνοι
1121 2396 1181 2454 ίσοι

122 2517 157 2565 20
176 2504 330 2588 ἀλλήλοις
352 2508 446 2571 είσίν.

249 2749 272 2796 1.
292 2741 322 2795 τό
337 2743 411 2813 (pr.)]
431 2741 517 2812 va,
536 2761 592 2812 mg.
612 2749 648 2812 „†
666 2745 718 2814 τὴν
737 2747 851 2815 apogrf‘
870 2762 906 2797 m.
926 2761 978 2799 rec.
998 2743 1032 2799 V.
1095 2739 1181 2809 BEZ]

177 2816 259 2867 ΕΒΖ
276 2830 303 2882 p.
384 2817 409 2868 5.
429 2811 502 2868 ἐστιν
521 2814 569 2885 ὡς]
588 2833 637 2883 vp,
657 2832 713 2885 rep.
733 2833 789 2885 mg.
808 2833 844 2869 m.
862 2832 917 2870 rec.
938 2815 970 2884 V,
990 2835 1031 2869 -ιν
1051 2815 1088 2877 ὡς
1106 2829 1180 2869 euan.

213 2890 237 2939 6.
258 2885 301 2955 Η]
316 2883 380 2951 περὶ
393 2883 471 2938 τὸΗ
485 2903 512 2954 p.
569 2892 592 2941 λ.
609 2887 645 2957 Θ]
661 2887 724 2955 περὶ
737 2886 856 2956 τὸΘρ.
911 2892 936 2941 8.
956 2881 1180 2955 διάμετροςφτ.)]

175 2973 247 3081 vpso
260 2972 319 3099 Γθύῄ
338 2972 452 3082 ιῗεὲιῗί
471 2973 525 3081 δύ’
545 2955 578 3026 V’
607 2974 792 3100 Ηύῗπῖυίῗι
812 3031 836 3084 ο
872 2963 896 3011 9'
926 2958 1179 3100 Ε’ύΖδκύύύιύ

170 3070 257 3153 σοαπ..
277 3099 310 3168 V,
329 3047 390 3167 τού.)
405 3117 460 3169 mg.
480 3046 590 3155 mprec.
664 3046 904 3171 12.ρδιπλασὼ1ύα]
923 3117 978 3168 vp,
991 3071 1054 3190 παρ.
1075 3117 1130 3169 mg.
1147 3066 1180 3149 ms

176 3186 230 3224 rec.
250 3170 283 3239 V,
303 3167 398 3225 -σίονοι
417 3187 497 3225 euan.
565 3176 604 3225 13.
625 3171 721 3242 ΕΚΖ]
741 3175 826 3225 ΚΕΖ
843 3189 870 3240 p.
937 3177 978 3225 14.
999 3171 1082 3243 ουτω]
1102 3168 1180 3227 οὕτως

177 3241 287 3310 Halley.
344 3243 438 3323 EBZ]
457 3242 513 3296 des.
533 3241 581 3297 fol.
601 3248 670 3296 236Ιι
687 3242 725 3310 V3
746 3245 877 3310 quartam
889 3245 1001 3312 partem
1017 3242 1180 3316 superiorem

177 3310 241 3364 folii
264 3317 314 3366 237
343 3312 374 3366 in
401 3311 458 3366 aho
486 3329 588 3383 genere
616 3314 731 3368 chartae
755 3312 899 3383 suppleuit
921 3333 957 3368 m.
977 3319 993 3367 3
1016 3313 1042 3367 V
1070 3307 1179 3384 (contub

177 3380 265 3436 etiam
283 3385 318 3452 v).
411 3389 452 3438 15.
477 3384 599 3455 ΗΘΜ,
629 3389 687 3441 ΘΚ
703 3385 759 3453 Vp.
852 3391 893 3440 18.
917 3385 995 3457 ταῖς]
1020 3403 1114 3439 rursus
1132 3383 1177 3436 inc.

177 3467 215 3504 m.
235 3458 249 3505 1
268 3453 302 3508 V.
373 3460 414 3509 19.
435 3459 471 3522 H,
488 3456 528 3526 Θ]
548 3473 598 3525 vp,
617 3473 698 3511 euan.
713 3456 746 3524 V,
767 3473 851 3525 supra
870 3473 921 3512 scr.
941 3475 977 3511 m.
996 3473 1050 3512 rec.
1108 3451 1179 3524 AB]

178 3536 210 3588 v,
231 3539 288 3590 mg.
307 3541 343 3578 m.
364 3541 409 3578 ree
428 3524 462 3595 V,
485 3532 506 3578 A
526 3543 620 3596 euan.;
643 3532 734 3596 ΑΓΔ,
754 3531 835 3581 ΒΕΖ
853 3547 881 3598 p.
