<?xml version="1.0" encoding="UTF-8"?>
<!DOCTYPE html PUBLIC "-//W3C//DTD XHTML 1.0 Transitional//EN"
    "http://www.w3.org/TR/xhtml1/DTD/xhtml1-transitional.dtd">
<html xmlns="http://www.w3.org/1999/xhtml" xml:lang="en" lang="en">
 <head>
  <title>
</title>
<meta http-equiv="Content-Type" content="text/html;charset=utf-8" />
  <meta name='ocr-system' content='tesseract 3.04.00' />
  <meta name='ocr-capabilities' content='ocr_page ocr_carea ocr_par ocr_line ocrx_word'/>
</head>
<body>
  <div class='ocr_page' id='page_1' title='image "./sereniantinoens00heibgoog_0015.png"; bbox 0 0 2574 3934; ppageno 0'>
   <div class='ocr_carea' id='block_1_1' title="bbox 145 185 757 244">
    <p class='ocr_par' dir='ltr' id='par_1_1' title="bbox 145 185 757 244">
     <span class='ocr_line' id='line_1_1' title="bbox 145 185 757 244; baseline 0.007 -9"><span class='ocrx_word' id='word_1_1' title='bbox 145 191 171 244; x_wconf 82' lang='grc' dir='ltr'>Χ</span> <span class='ocrx_word' id='word_1_2' title='bbox 542 185 757 239; x_wconf 80' lang='lat' dir='ltr'>PRAEFATIO.</span> 
     </span>
    </p>
   </div>
   <div class='ocr_carea' id='block_1_2' title="bbox 88 328 1171 2996">
    <p class='ocr_par' dir='ltr' id='par_1_2' title="bbox 88 328 1171 2996">
     <span class='ocr_line' id='line_1_2' title="bbox 144 328 1171 420; baseline -0.004 -20"><span class='ocrx_word' id='word_1_3' title='bbox 144 337 285 420; x_wconf 84' lang='grc' dir='ltr'><strong><em>σερηνου</em></strong></span> <span class='ocrx_word' id='word_1_4' title='bbox 305 329 484 407; x_wconf 82' lang='grc' dir='ltr'><strong><em>ἀντινσέως</em></strong></span> <span class='ocrx_word' id='word_1_5' title='bbox 502 333 691 415; x_wconf 79' lang='grc' dir='ltr'><strong><em>φιλοσόφου</em></strong></span> <span class='ocrx_word' id='word_1_6' title='bbox 710 329 784 415; x_wconf 85' lang='grc' dir='ltr'><strong><em>περὶ</em></strong></span> <span class='ocrx_word' id='word_1_7' title='bbox 803 331 985 417; x_wconf 76' lang='grc' dir='ltr'><strong><em>κυλίνδρου</em></strong></span> <span class='ocrx_word' id='word_1_8' title='bbox 1002 328 1077 418; x_wconf 87' lang='lat' dir='ltr'>(del.</span> <span class='ocrx_word' id='word_1_9' title='bbox 1094 331 1171 396; x_wconf 78' lang='lat' dir='ltr'>elia.</span> 
     </span>
     <span class='ocr_line' id='line_1_3' title="bbox 144 437 1170 525; baseline -0.003 -19"><span class='ocrx_word' id='word_1_10' title='bbox 144 463 259 506; x_wconf 85' lang='lat' dir='ltr'>manus</span> <span class='ocrx_word' id='word_1_11' title='bbox 279 445 312 505; x_wconf 92' lang='lat' dir='ltr'>et</span> <span class='ocrx_word' id='word_1_12' title='bbox 330 441 441 505; x_wconf 85' lang='grc' dir='ltr'><strong><em>κώνου</em></strong></span> <span class='ocrx_word' id='word_1_13' title='bbox 460 461 558 523; x_wconf 82' lang='lat' dir='ltr'>supra</span> <span class='ocrx_word' id='word_1_14' title='bbox 578 438 709 523; x_wconf 73' lang='lat' dir='ltr'>scripsit</span> <span class='ocrx_word' id='word_1_15' title='bbox 727 442 909 504; x_wconf 83' lang='lat' dir='ltr'>atramento</span> <span class='ocrx_word' id='word_1_16' title='bbox 927 437 1037 525; x_wconf 85' lang='lat' dir='ltr'>nigro)</span> <span class='ocrx_word' id='word_1_17' title='bbox 1057 449 1170 524; x_wconf 81' lang='grc' dir='ltr'><strong><em>τομῆς</em></strong></span> 
     </span>
     <span class='ocr_line' id='line_1_4' title="bbox 145 543 1165 633; baseline 0 -21"><span class='ocrx_word' id='word_1_18' title='bbox 145 549 287 633; x_wconf 85' lang='lat' dir='ltr'>adparet,</span> <span class='ocrx_word' id='word_1_19' title='bbox 309 569 383 611; x_wconf 84' lang='lat' dir='ltr'>euin</span> <span class='ocrx_word' id='word_1_20' title='bbox 407 569 425 610; x_wconf 83' lang='lat' dir='ltr'>a</span> <span class='ocrx_word' id='word_1_21' title='bbox 443 544 474 610; x_wconf 84' lang='lat' dir='ltr'>V</span> <span class='ocrx_word' id='word_1_22' title='bbox 497 545 645 630; x_wconf 86' lang='lat' dir='ltr'>pendere,</span> <span class='ocrx_word' id='word_1_23' title='bbox 668 544 759 609; x_wconf 87' lang='lat' dir='ltr'>cuius</span> <span class='ocrx_word' id='word_1_24' title='bbox 779 543 976 628; x_wconf 78' lang='lat' dir='ltr'><strong>subscriptio</strong></span> <span class='ocrx_word' id='word_1_25' title='bbox 995 544 1100 610; x_wconf 84' lang='lat' dir='ltr'>libelli</span> <span class='ocrx_word' id='word_1_26' title='bbox 1119 546 1165 612; x_wconf 86' lang='lat' dir='ltr'>de</span> 
     </span>
     <span class='ocr_line' id='line_1_5' title="bbox 141 649 1163 739; baseline -0.002 -19"><span class='ocrx_word' id='word_1_27' title='bbox 141 655 288 721; x_wconf 76' lang='lat' dir='ltr'>sectione</span> <span class='ocrx_word' id='word_1_28' title='bbox 308 653 445 737; x_wconf 81' lang='lat' dir='ltr'>cylindri</span> <span class='ocrx_word' id='word_1_29' title='bbox 464 649 508 739; x_wconf 90' lang='lat' dir='ltr'>(u.</span> <span class='ocrx_word' id='word_1_30' title='bbox 523 674 553 735; x_wconf 89' lang='lat' dir='ltr'>p.</span> <span class='ocrx_word' id='word_1_31' title='bbox 572 649 648 739; x_wconf 87' lang='grc'>166)</span> <span class='ocrx_word' id='word_1_32' title='bbox 667 672 726 735; x_wconf 91' lang='lat' dir='ltr'>pro</span> <span class='ocrx_word' id='word_1_33' title='bbox 745 651 843 715; x_wconf 90' lang='lat' dir='ltr'>titulo</span> <span class='ocrx_word' id='word_1_34' title='bbox 862 650 938 715; x_wconf 88' lang='lat' dir='ltr'>libri</span> <span class='ocrx_word' id='word_1_35' title='bbox 956 652 1163 735; x_wconf 86' lang='lat' dir='ltr'>insequentis</span> 
     </span>
     <span class='ocr_line' id='line_1_6' title="bbox 145 758 1163 847; baseline -0.003 -20"><span class='ocrx_word' id='word_1_36' title='bbox 145 765 278 847; x_wconf 80' lang='lat' dir='ltr'>accepta</span> <span class='ocrx_word' id='word_1_37' title='bbox 301 766 365 845; x_wconf 85' lang='lat' dir='ltr'>est,</span> <span class='ocrx_word' id='word_1_38' title='bbox 396 760 480 824; x_wconf 90' lang='lat' dir='ltr'>sicut</span> <span class='ocrx_word' id='word_1_39' title='bbox 503 759 601 824; x_wconf 79' lang='lat' dir='ltr'>etiam</span> <span class='ocrx_word' id='word_1_40' title='bbox 625 758 659 822; x_wconf 92' lang='lat' dir='ltr'>in</span> <span class='ocrx_word' id='word_1_41' title='bbox 682 781 712 823; x_wconf 86' lang='lat' dir='ltr'>w</span> <span class='ocrx_word' id='word_1_42' title='bbox 734 758 857 822; x_wconf 78' lang='lat' dir='ltr'>fectum</span> <span class='ocrx_word' id='word_1_43' title='bbox 881 780 951 822; x_wconf 86' lang='lat' dir='ltr'>esse</span> <span class='ocrx_word' id='word_1_44' title='bbox 969 758 1163 844; x_wconf 79' lang='lat' dir='ltr'>uidemus.1)</span> 
     </span>
     <span class='ocr_line' id='line_1_7' title="bbox 144 865 1163 952; baseline -0.005 -16"><span class='ocrx_word' id='word_1_45' title='bbox 144 892 218 936; x_wconf 88' lang='lat' dir='ltr'>curn</span> <span class='ocrx_word' id='word_1_46' title='bbox 241 889 344 952; x_wconf 88' lang='lat' dir='ltr'>neque</span> <span class='ocrx_word' id='word_1_47' title='bbox 368 889 385 931; x_wconf 86' lang='lat' dir='ltr'>e</span> <span class='ocrx_word' id='word_1_48' title='bbox 408 889 428 930; x_wconf 86' lang='lat' dir='ltr'>v</span> <span class='ocrx_word' id='word_1_49' title='bbox 454 887 557 949; x_wconf 86' lang='lat' dir='ltr'>neque</span> <span class='ocrx_word' id='word_1_50' title='bbox 581 887 599 929; x_wconf 89' lang='lat' dir='ltr'>c</span> <span class='ocrx_word' id='word_1_51' title='bbox 621 888 652 930; x_wconf 85' lang='lat' dir='ltr'>w</span> <span class='ocrx_word' id='word_1_52' title='bbox 675 865 854 929; x_wconf 85' lang='lat' dir='ltr'>recentiore</span> <span class='ocrx_word' id='word_1_53' title='bbox 882 866 1062 951; x_wconf 72' lang='lat' dir='ltr'>descriptus</span> <span class='ocrx_word' id='word_1_54' title='bbox 1087 887 1163 931; x_wconf 88' lang='lat' dir='ltr'>esse</span> 
     </span>
     <span class='ocr_line' id='line_1_8' title="bbox 143 970 1162 1061; baseline -0.003 -21"><span class='ocrx_word' id='word_1_55' title='bbox 143 976 262 1061; x_wconf 86' lang='lat' dir='ltr'>possit,</span> <span class='ocrx_word' id='word_1_56' title='bbox 296 974 364 1038; x_wconf 86' lang='lat' dir='ltr'>sine</span> <span class='ocrx_word' id='word_1_57' title='bbox 392 972 490 1037; x_wconf 90' lang='lat' dir='ltr'>dubio</span> <span class='ocrx_word' id='word_1_58' title='bbox 518 971 620 1055; x_wconf 87' lang='lat' dir='ltr'>ipsius</span> <span class='ocrx_word' id='word_1_59' title='bbox 649 970 680 1036; x_wconf 91' lang='lat' dir='ltr'>V</span> <span class='ocrx_word' id='word_1_60' title='bbox 707 971 931 1057; x_wconf 80' lang='lat' dir='ltr'>apographum</span> <span class='ocrx_word' id='word_1_61' title='bbox 958 977 1022 1038; x_wconf 66' lang='lat' dir='ltr'>est:</span> <span class='ocrx_word' id='word_1_62' title='bbox 1066 973 1162 1057; x_wconf 87' lang='lat' dir='ltr'>prior</span> 
     </span>
     <span class='ocr_line' id='line_1_9' title="bbox 143 1077 1159 1168; baseline -0.002 -22"><span class='ocrx_word' id='word_1_63' title='bbox 143 1104 219 1168; x_wconf 78' lang='lat' dir='ltr'>pars</span> <span class='ocrx_word' id='word_1_64' title='bbox 252 1079 371 1146; x_wconf 91' lang='lat' dir='ltr'>codicis</span> <span class='ocrx_word' id='word_1_65' title='bbox 404 1101 421 1142; x_wconf 90' lang='lat' dir='ltr'>e</span> <span class='ocrx_word' id='word_1_66' title='bbox 447 1078 596 1143; x_wconf 83' lang='lat' dir='ltr'>Parisino</span> <span class='ocrx_word' id='word_1_67' title='bbox 626 1079 712 1143; x_wconf 79' lang='lat'><strong>2472</strong></span> <span class='ocrx_word' id='word_1_68' title='bbox 746 1083 876 1163; x_wconf 86' lang='lat' dir='ltr'>sumpta</span> <span class='ocrx_word' id='word_1_69' title='bbox 907 1083 958 1144; x_wconf 78' lang='lat' dir='ltr'>ert</span> <span class='ocrx_word' id='word_1_70' title='bbox 991 1077 1159 1166; x_wconf 77' lang='lat' dir='ltr'>(Euclidis</span> 
     </span>
     <span class='ocr_line' id='line_1_10' title="bbox 145 1183 1158 1272; baseline -0.004 -18"><span class='ocrx_word' id='word_1_71' title='bbox 145 1211 217 1272; x_wconf 89' lang='lat' dir='ltr'>opp.</span> <span class='ocrx_word' id='word_1_72' title='bbox 232 1187 297 1251; x_wconf 88' lang='lat' dir='ltr'>VII</span> <span class='ocrx_word' id='word_1_73' title='bbox 315 1209 344 1270; x_wconf 90' lang='lat' dir='ltr'>p.</span> <span class='ocrx_word' id='word_1_74' title='bbox 359 1183 478 1271; x_wconf 81' lang='lat' dir='ltr'><strong>XXII).</strong></span> <span class='ocrx_word' id='word_1_75' title='bbox 513 1183 668 1249; x_wconf 82' lang='lat' dir='ltr'>Serenum</span> <span class='ocrx_word' id='word_1_76' title='bbox 687 1184 833 1268; x_wconf 85' lang='lat' dir='ltr'>sequitur</span> <span class='ocrx_word' id='word_1_77' title='bbox 851 1190 927 1269; x_wconf 90' lang='lat' dir='ltr'>post</span> <span class='ocrx_word' id='word_1_78' title='bbox 944 1185 1158 1251; x_wconf 80' lang='lat' dir='ltr'>interuallum</span> 
     </span>
     <span class='ocr_line' id='line_1_11' title="bbox 143 1291 1160 1380; baseline 0.001 -22"><span class='ocrx_word' id='word_1_79' title='bbox 143 1316 282 1380; x_wconf 79' lang='lat' dir='ltr'>paruum</span> <span class='ocrx_word' id='word_1_80' title='bbox 308 1292 388 1356; x_wconf 86' lang='lat' dir='ltr'>haec</span> <span class='ocrx_word' id='word_1_81' title='bbox 415 1296 507 1356; x_wconf 84' lang='lat' dir='ltr'>nota:</span> <span class='ocrx_word' id='word_1_82' title='bbox 543 1302 613 1367; x_wconf 83' lang='grc' dir='ltr'>πῶς</span> <span class='ocrx_word' id='word_1_83' title='bbox 645 1293 774 1375; x_wconf 79' lang='grc' dir='ltr'><strong><em>ἔχοντες</em></strong></span> <span class='ocrx_word' id='word_1_84' title='bbox 806 1291 987 1376; x_wconf 76' lang='grc' dir='ltr'><strong><em>δεδομένην</em></strong></span> <span class='ocrx_word' id='word_1_85' title='bbox 1019 1293 1160 1359; x_wconf 78' lang='grc' dir='ltr'><strong><em>εὐθεῖαν</em></strong></span> 
     </span>
     <span class='ocr_line' id='line_1_12' title="bbox 145 1395 1158 1485; baseline -0.003 -18"><span class='ocrx_word' id='word_1_86' title='bbox 145 1404 319 1485; x_wconf 77' lang='grc' dir='ltr'><em>ληψόμεθα</em></span> <span class='ocrx_word' id='word_1_87' title='bbox 351 1401 412 1483; x_wconf 81' lang='grc' dir='ltr'>τὴν</span> <span class='ocrx_word' id='word_1_88' title='bbox 443 1395 671 1482; x_wconf 83' lang='grc' dir='ltr'><strong><em>περιφέρειαν,</em></strong></span> <span class='ocrx_word' id='word_1_89' title='bbox 703 1395 764 1481; x_wconf 89' lang='grc' dir='ltr'>ὑφ’</span> <span class='ocrx_word' id='word_1_90' title='bbox 794 1397 837 1480; x_wconf 75' lang='grc' dir='ltr'>ἣν</span> <span class='ocrx_word' id='word_1_91' title='bbox 863 1397 1043 1478; x_wconf 68' lang='grc' dir='ltr'><strong><em>ὑποπίνεις</em></strong></span> <span class='ocrx_word' id='word_1_92' title='bbox 1076 1405 1158 1485; x_wconf 87' lang='grc' dir='ltr'><strong><em>λοιμ-</em></strong></span> 
     </span>
     <span class='ocr_line' id='line_1_13' title="bbox 144 1503 1158 1592; baseline -0.003 -19"><span class='ocrx_word' id='word_1_93' title='bbox 144 1509 289 1592; x_wconf 83' lang='grc' dir='ltr'><strong><em>βοίνομεν</em></strong></span> <span class='ocrx_word' id='word_1_94' title='bbox 307 1508 368 1590; x_wconf 81' lang='grc' dir='ltr'>τὴν</span> <span class='ocrx_word' id='word_1_95' title='bbox 387 1507 520 1588; x_wconf 79' lang='grc' dir='ltr'><strong><em>ἔγγιστα</em></strong></span> <span class='ocrx_word' id='word_1_96' title='bbox 538 1503 695 1570; x_wconf 77' lang='grc' dir='ltr'><strong><em>ἐλάττονα</em></strong></span> <span class='ocrx_word' id='word_1_97' title='bbox 713 1513 772 1588; x_wconf 79' lang='grc' dir='ltr'>τῆς</span> <span class='ocrx_word' id='word_1_98' title='bbox 784 1503 1001 1590; x_wconf 79' lang='grc' dir='ltr'><strong><em>ὑποκειμένης</em></strong></span> <span class='ocrx_word' id='word_1_99' title='bbox 1019 1506 1158 1572; x_wconf 83' lang='grc' dir='ltr'><strong><em>εὑθεϊοιν</em></strong></span> 
     </span>
     <span class='ocr_line' id='line_1_14' title="bbox 143 1610 1156 1698; baseline -0.002 -19"><span class='ocrx_word' id='word_1_100' title='bbox 143 1613 199 1679; x_wconf 82' lang='grc' dir='ltr'><strong><em>κοιλ</em></strong></span> <span class='ocrx_word' id='word_1_101' title='bbox 222 1615 283 1698; x_wconf 82' lang='grc' dir='ltr'>την</span> <span class='ocrx_word' id='word_1_102' title='bbox 306 1616 439 1696; x_wconf 78' lang='grc' dir='ltr'><strong><em>ἔγγιστα</em></strong></span> <span class='ocrx_word' id='word_1_103' title='bbox 462 1615 594 1696; x_wconf 77' lang='grc' dir='ltr'><strong><em>μείζονα</em></strong></span> <span class='ocrx_word' id='word_1_104' title='bbox 616 1610 672 1676; x_wconf 85' lang='grc' dir='ltr'>καὶ</span> <span class='ocrx_word' id='word_1_105' title='bbox 696 1611 867 1695; x_wconf 75' lang='grc' dir='ltr'><strong><em>ἐκτίθεμεν</em></strong></span> <span class='ocrx_word' id='word_1_106' title='bbox 889 1613 982 1688; x_wconf 82' lang='grc' dir='ltr'><strong><em>ἰδίως</em></strong></span> <span class='ocrx_word' id='word_1_107' title='bbox 999 1614 1061 1696; x_wconf 78' lang='grc' dir='ltr'>τὴν</span> <span class='ocrx_word' id='word_1_108' title='bbox 1078 1613 1156 1677; x_wconf 86' lang='grc' dir='ltr'><strong><em>τού-</em></strong></span> 
     </span>
     <span class='ocr_line' id='line_1_15' title="bbox 143 1714 1156 1807; baseline -0.004 -21"><span class='ocrx_word' id='word_1_109' title='bbox 143 1746 211 1786; x_wconf 85' lang='grc' dir='ltr'>των</span> <span class='ocrx_word' id='word_1_110' title='bbox 228 1721 407 1807; x_wconf 80' lang='grc' dir='ltr'><strong><em>ὑπεροχήν·</em></strong></span> <span class='ocrx_word' id='word_1_111' title='bbox 431 1714 500 1784; x_wconf 79' lang='grc' dir='ltr'><strong><em>εἶτα</em></strong></span> <span class='ocrx_word' id='word_1_112' title='bbox 521 1718 693 1802; x_wconf 71' lang='grc' dir='ltr'><strong><em>ἐκτίθεμεν</em></strong></span> <span class='ocrx_word' id='word_1_113' title='bbox 716 1719 776 1802; x_wconf 79' lang='grc' dir='ltr'>τὴν</span> <span class='ocrx_word' id='word_1_114' title='bbox 795 1717 960 1804; x_wconf 79' lang='grc' dir='ltr'><strong><em>ὑπεροχὴν</em></strong></span> <span class='ocrx_word' id='word_1_115' title='bbox 979 1729 1046 1783; x_wconf 81' lang='grc' dir='ltr'>τῶν</span> <span class='ocrx_word' id='word_1_116' title='bbox 1064 1741 1156 1804; x_wconf 88' lang='grc' dir='ltr'><strong><em>περι-</em></strong></span> 
     </span>
     <span class='ocr_line' id='line_1_16' title="bbox 88 1821 1156 1914; baseline -0.004 -20"><span class='ocrx_word' id='word_1_117' title='bbox 88 1853 89 1856; x_wconf 66' lang='grc'>’</span> <span class='ocrx_word' id='word_1_118' title='bbox 144 1840 287 1913; x_wconf 79' lang='grc' dir='ltr'><strong><em>φερειῶν</em></strong></span> <span class='ocrx_word' id='word_1_119' title='bbox 311 1824 480 1914; x_wconf 87' lang='grc' dir='ltr'><strong><em>(περιφερ-</em></strong></span> <span class='ocrx_word' id='word_1_120' title='bbox 503 1848 520 1890; x_wconf 86' lang='lat' dir='ltr'>e</span> <span class='ocrx_word' id='word_1_121' title='bbox 542 1823 653 1912; x_wconf 77' lang='lat' dir='ltr'>corr),</span> <span class='ocrx_word' id='word_1_122' title='bbox 676 1823 733 1908; x_wconf 89' lang='grc' dir='ltr'>ὑφ’</span> <span class='ocrx_word' id='word_1_123' title='bbox 757 1824 796 1901; x_wconf 85' lang='grc' dir='ltr'>δς</span> <span class='ocrx_word' id='word_1_124' title='bbox 817 1824 1062 1910; x_wconf 82' lang='grc' dir='ltr'><strong><em>ὑποτείνουσιν,</em></strong></span> <span class='ocrx_word' id='word_1_125' title='bbox 1085 1821 1156 1890; x_wconf 80' lang='grc' dir='ltr'><strong><em>εἶτα</em></strong></span> 
     </span>
     <span class='ocr_line' id='line_1_17' title="bbox 142 1930 1156 2020; baseline -0.003 -21"><span class='ocrx_word' id='word_1_126' title='bbox 142 1937 204 2019; x_wconf 81' lang='grc' dir='ltr'>τὴν</span> <span class='ocrx_word' id='word_1_127' title='bbox 217 1933 384 2020; x_wconf 81' lang='grc' dir='ltr'><strong><em>ὑπεροχὴν</em></strong></span> <span class='ocrx_word' id='word_1_128' title='bbox 398 1941 455 2016; x_wconf 75' lang='grc' dir='ltr'>τῆς</span> <span class='ocrx_word' id='word_1_129' title='bbox 468 1930 685 2016; x_wconf 81' lang='grc' dir='ltr'><strong><em>ὑποκειμένης</em></strong></span> <span class='ocrx_word' id='word_1_130' title='bbox 699 1931 832 2008; x_wconf 78' lang='grc' dir='ltr'><strong><em>εὐθείας</em></strong></span> <span class='ocrx_word' id='word_1_131' title='bbox 850 1933 933 2018; x_wconf 85' lang='grc' dir='ltr'><strong><em>πρὸς</em></strong></span> <span class='ocrx_word' id='word_1_132' title='bbox 946 1933 1007 2015; x_wconf 80' lang='grc' dir='ltr'>την</span> <span class='ocrx_word' id='word_1_133' title='bbox 1021 1935 1156 2014; x_wconf 79' lang='grc' dir='ltr'><strong><em>ἔγγιστα</em></strong></span> 
     </span>
     <span class='ocr_line' id='line_1_18' title="bbox 144 2036 1156 2123; baseline -0.004 -17"><span class='ocrx_word' id='word_1_134' title='bbox 144 2041 302 2107; x_wconf 81' lang='grc' dir='ltr'><strong><em>ε’λοίττονοι</em></strong></span> <span class='ocrx_word' id='word_1_135' title='bbox 325 2040 441 2123; x_wconf 77' lang='grc' dir='ltr'><strong><em>αὐτῆς,</em></strong></span> <span class='ocrx_word' id='word_1_136' title='bbox 465 2037 520 2103; x_wconf 80' lang='grc' dir='ltr'>καὶ</span> <span class='ocrx_word' id='word_1_137' title='bbox 542 2037 866 2122; x_wconf 76' lang='grc' dir='ltr'><strong><em>πολλαπλοσιοίζομεν</em></strong></span> <span class='ocrx_word' id='word_1_138' title='bbox 890 2038 994 2122; x_wconf 80' lang='grc' dir='ltr'><strong><em>οιὺτην</em></strong></span> <span class='ocrx_word' id='word_1_139' title='bbox 1017 2036 1070 2102; x_wconf 80' lang='grc' dir='ltr'><strong><em>ε’πὶ</em></strong></span> <span class='ocrx_word' id='word_1_140' title='bbox 1092 2040 1156 2122; x_wconf 81' lang='grc' dir='ltr'>την</span> 
     </span>
     <span class='ocr_line' id='line_1_19' title="bbox 141 2142 1156 2232; baseline -0.002 -20"><span class='ocrx_word' id='word_1_141' title='bbox 141 2147 309 2232; x_wconf 81' lang='grc' dir='ltr'><strong><em>ὑπεροχὴν</em></strong></span> <span class='ocrx_word' id='word_1_142' title='bbox 335 2157 403 2210; x_wconf 84' lang='grc' dir='ltr'>τῶν</span> <span class='ocrx_word' id='word_1_143' title='bbox 429 2157 648 2231; x_wconf 81' lang='grc' dir='ltr'><strong><em>περιφερειῶν</em></strong></span> <span class='ocrx_word' id='word_1_144' title='bbox 677 2143 847 2231; x_wconf 82' lang='grc' dir='ltr'><strong><em>(περιφερ-</em></strong></span> <span class='ocrx_word' id='word_1_145' title='bbox 875 2142 1071 2232; x_wconf 78' lang='lat' dir='ltr'>suprascr.)</span> <span class='ocrx_word' id='word_1_146' title='bbox 1099 2144 1156 2210; x_wconf 81' lang='grc' dir='ltr'>καὶ</span> 
     </span>
     <span class='ocr_line' id='line_1_20' title="bbox 141 2251 1156 2338; baseline -0.001 -21"><span class='ocrx_word' id='word_1_147' title='bbox 141 2255 201 2319; x_wconf 83' lang='grc' dir='ltr'>τὸν</span> <span class='ocrx_word' id='word_1_148' title='bbox 224 2255 401 2337; x_wconf 79' lang='grc' dir='ltr'><strong><em>γινόμενον</em></strong></span> <span class='ocrx_word' id='word_1_149' title='bbox 424 2251 571 2338; x_wconf 82' lang='grc' dir='ltr'><strong><em>ἀριθμὸν</em></strong></span> <span class='ocrx_word' id='word_1_150' title='bbox 593 2254 765 2338; x_wconf 76' lang='grc' dir='ltr'><strong><em>μερίζομεν</em></strong></span> <span class='ocrx_word' id='word_1_151' title='bbox 792 2251 882 2337; x_wconf 79' lang='grc' dir='ltr'><strong><em>παρὰ</em></strong></span> <span class='ocrx_word' id='word_1_152' title='bbox 904 2253 966 2335; x_wconf 80' lang='grc' dir='ltr'>τὴν</span> <span class='ocrx_word' id='word_1_153' title='bbox 988 2252 1156 2338; x_wconf 78' lang='grc' dir='ltr'><strong><em>ὑπεροχὴν</em></strong></span> 
     </span>
     <span class='ocr_line' id='line_1_21' title="bbox 142 2356 1155 2443; baseline 0 -19"><span class='ocrx_word' id='word_1_154' title='bbox 142 2369 200 2443; x_wconf 77' lang='grc' dir='ltr'>τῆς</span> <span class='ocrx_word' id='word_1_155' title='bbox 217 2363 366 2443; x_wconf 83' lang='grc' dir='ltr'><strong><em>μείζονος</em></strong></span> <span class='ocrx_word' id='word_1_156' title='bbox 387 2357 443 2423; x_wconf 84' lang='grc' dir='ltr'>καὶ</span> <span class='ocrx_word' id='word_1_157' title='bbox 463 2358 636 2434; x_wconf 85' lang='grc' dir='ltr'><strong><em>ε’λοίττονος</em></strong></span> <span class='ocrx_word' id='word_1_158' title='bbox 658 2368 726 2423; x_wconf 81' lang='grc' dir='ltr'>τῶν</span> <span class='ocrx_word' id='word_1_159' title='bbox 745 2357 887 2423; x_wconf 82' lang='grc' dir='ltr'><strong><em>εὐθειῶν</em></strong></span> <span class='ocrx_word' id='word_1_160' title='bbox 909 2356 1043 2423; x_wconf 82' lang='grc' dir='ltr'><strong><em>καὶτὸν</em></strong></span> <span class='ocrx_word' id='word_1_161' title='bbox 1063 2361 1155 2440; x_wconf 80' lang='grc' dir='ltr'><strong><em>γινό-</em></strong></span> 
     </span>
     <span class='ocr_line' id='line_1_22' title="bbox 141 2455 1114 2552; baseline -0.001 -21"><span class='ocrx_word' id='word_1_162' title='bbox 141 2489 243 2550; x_wconf 88' lang='grc' dir='ltr'><strong><em>μενον</em></strong></span> <span class='ocrx_word' id='word_1_163' title='bbox 266 2465 412 2552; x_wconf 79' lang='grc' dir='ltr'><strong><em>ἀριθμὸν</em></strong></span> <span class='ocrx_word' id='word_1_164' title='bbox 434 2455 663 2548; x_wconf 83' lang='grc' dir='ltr'><strong><em>προστίθεμεν</em></strong></span> <span class='ocrx_word' id='word_1_165' title='bbox 678 2475 717 2550; x_wconf 78' lang='grc' dir='ltr'>τῇ</span> <span class='ocrx_word' id='word_1_166' title='bbox 741 2462 890 2530; x_wconf 75' lang='grc' dir='ltr'><strong><em>ἐλάττονι</em></strong></span> <span class='ocrx_word' id='word_1_167' title='bbox 913 2468 1114 2552; x_wconf 73' lang='grc' dir='ltr'><strong><em>περιφερείᾳ.</em></strong></span> 
     </span>
     <span class='ocr_line' id='line_1_23' title="bbox 209 2583 1154 2676; baseline -0.001 -21"><span class='ocrx_word' id='word_1_168' title='bbox 209 2591 275 2655; x_wconf 91' lang='grc' dir='ltr'><strong><em>οοδ.</em></strong></span> <span class='ocrx_word' id='word_1_169' title='bbox 294 2589 395 2656; x_wconf 81' lang='lat' dir='ltr'>Poris.</span> <span class='ocrx_word' id='word_1_170' title='bbox 416 2612 461 2676; x_wconf 84' lang='lat' dir='ltr'>gr.</span> <span class='ocrx_word' id='word_1_171' title='bbox 481 2590 577 2673; x_wconf 79' lang='lat'><strong>2367,</strong></span> <span class='ocrx_word' id='word_1_172' title='bbox 601 2589 739 2654; x_wconf 79' lang='lat' dir='ltr'>chartac.</span> <span class='ocrx_word' id='word_1_173' title='bbox 759 2611 839 2655; x_wconf 83' lang='lat' dir='ltr'>saec.</span> <span class='ocrx_word' id='word_1_174' title='bbox 858 2588 937 2654; x_wconf 87' lang='lat' dir='ltr'>XVI</span> <span class='ocrx_word' id='word_1_175' title='bbox 951 2583 1097 2676; x_wconf 77' lang='lat' dir='ltr'>(Omont</span> <span class='ocrx_word' id='word_1_176' title='bbox 1120 2589 1154 2654; x_wconf 90' lang='lat' dir='ltr'>II</span> 
     </span>
     <span class='ocr_line' id='line_1_24' title="bbox 141 2694 1154 2784; baseline -0.001 -21"><span class='ocrx_word' id='word_1_177' title='bbox 141 2720 171 2781; x_wconf 91' lang='lat' dir='ltr'>p.</span> <span class='ocrx_word' id='word_1_178' title='bbox 205 2695 298 2784; x_wconf 78' lang='lat'>248).</span> <span class='ocrx_word' id='word_1_179' title='bbox 367 2697 531 2763; x_wconf 87' lang='lat' dir='ltr'>continet</span> <span class='ocrx_word' id='word_1_180' title='bbox 556 2694 710 2761; x_wconf 82' lang='lat' dir='ltr'>Serenum</span> <span class='ocrx_word' id='word_1_181' title='bbox 753 2696 791 2760; x_wconf 93' lang='lat' dir='ltr'>de</span> <span class='ocrx_word' id='word_1_182' title='bbox 833 2695 974 2762; x_wconf 79' lang='lat' dir='ltr'>sectione</span> <span class='ocrx_word' id='word_1_183' title='bbox 1016 2696 1154 2781; x_wconf 86' lang='lat' dir='ltr'>cylindri</span> 
     </span>
     <span class='ocr_line' id='line_1_25' title="bbox 142 2802 1153 2890; baseline 0.002 -24"><span class='ocrx_word' id='word_1_184' title='bbox 142 2803 196 2867; x_wconf 90' lang='lat' dir='ltr'>fol.</span> <span class='ocrx_word' id='word_1_185' title='bbox 218 2805 346 2887; x_wconf 68' lang='lat'>1-29‘,</span> <span class='ocrx_word' id='word_1_186' title='bbox 370 2804 408 2867; x_wconf 93' lang='lat' dir='ltr'>de</span> <span class='ocrx_word' id='word_1_187' title='bbox 432 2802 574 2868; x_wconf 83' lang='lat' dir='ltr'>sectione</span> <span class='ocrx_word' id='word_1_188' title='bbox 598 2803 671 2868; x_wconf 93' lang='lat' dir='ltr'>coni</span> <span class='ocrx_word' id='word_1_189' title='bbox 694 2803 749 2867; x_wconf 88' lang='lat' dir='ltr'>fol.</span> <span class='ocrx_word' id='word_1_190' title='bbox 771 2804 923 2868; x_wconf 62' lang='lat'>291-69.</span> <span class='ocrx_word' id='word_1_191' title='bbox 969 2802 1025 2869; x_wconf 75' lang='lat' dir='ltr'>fol.</span> <span class='ocrx_word' id='word_1_192' title='bbox 1046 2808 1063 2868; x_wconf 89' lang='lat'>1</span> <span class='ocrx_word' id='word_1_193' title='bbox 1088 2826 1153 2890; x_wconf 86' lang='lat' dir='ltr'>mg.</span> 
     </span>
     <span class='ocr_line' id='line_1_26' title="bbox 142 2907 1152 2996; baseline 0 -22"><span class='ocrx_word' id='word_1_194' title='bbox 142 2932 210 2993; x_wconf 87' lang='lat' dir='ltr'>sup.</span> <span class='ocrx_word' id='word_1_195' title='bbox 234 2910 354 2995; x_wconf 79' lang='lat' dir='ltr'>legitur</span> <span class='ocrx_word' id='word_1_196' title='bbox 380 2910 650 2995; x_wconf 75' lang='lat' dir='ltr'>„1510111ancuae</span> <span class='ocrx_word' id='word_1_197' title='bbox 674 2908 802 2992; x_wconf 69' lang='lat' dir='ltr'>Andree</span> <span class='ocrx_word' id='word_1_198' title='bbox 832 2907 979 2994; x_wconf 82' lang='lat' dir='ltr'>Coneri“;</span> <span class='ocrx_word' id='word_1_199' title='bbox 1012 2931 1076 2996; x_wconf 78' lang='lat' dir='ltr'>mg.</span> <span class='ocrx_word' id='word_1_200' title='bbox 1095 2910 1152 2974; x_wconf 86' lang='lat' dir='ltr'>inf.</span> 
     </span>
    </p>
   </div>
   <div class='ocr_carea' id='block_1_3' title="bbox 141 3098 1154 3620">
    <p class='ocr_par' dir='ltr' id='par_1_3' title="bbox 141 3098 1154 3620">
     <span class='ocr_line' id='line_1_27' title="bbox 214 3098 1154 3172; baseline 0.002 -16"><span class='ocrx_word' id='word_1_201' title='bbox 214 3104 240 3172; x_wconf 87' lang='lat'>1)</span> <span class='ocrx_word' id='word_1_202' title='bbox 261 3102 294 3155; x_wconf 90' lang='lat' dir='ltr'>In</span> <span class='ocrx_word' id='word_1_203' title='bbox 311 3121 337 3156; x_wconf 87' lang='lat' dir='ltr'><strong>w</strong></span> <span class='ocrx_word' id='word_1_204' title='bbox 355 3101 433 3158; x_wconf 85' lang='lat' dir='ltr'>tituli</span> <span class='ocrx_word' id='word_1_205' title='bbox 452 3104 518 3157; x_wconf 86' lang='lat' dir='ltr'>sunt</span> <span class='ocrx_word' id='word_1_206' title='bbox 541 3101 659 3170; x_wconf 80' lang='grc' dir='ltr'><strong><em>σερήνον</em></strong></span> <span class='ocrx_word' id='word_1_207' title='bbox 678 3098 828 3164; x_wconf 77' lang='grc' dir='ltr'><strong><em>ἀντινσέως</em></strong></span> <span class='ocrx_word' id='word_1_208' title='bbox 846 3101 1002 3172; x_wconf 85' lang='grc' dir='ltr'><strong><em>φιλοσόφου</em></strong></span> <span class='ocrx_word' id='word_1_209' title='bbox 1021 3103 1085 3170; x_wconf 75' lang='grc' dir='ltr'><strong><em>περὶ</em></strong></span> <span class='ocrx_word' id='word_1_210' title='bbox 1104 3124 1154 3158; x_wconf 87' lang='grc' dir='ltr'>κυ-</span> 
     </span>
     <span class='ocr_line' id='line_1_28' title="bbox 142 3171 1152 3244; baseline 0.002 -17"><span class='ocrx_word' id='word_1_211' title='bbox 142 3171 256 3242; x_wconf 86' lang='grc' dir='ltr'><strong><em>λίνδρου</em></strong></span> <span class='ocrx_word' id='word_1_212' title='bbox 274 3181 360 3244; x_wconf 82' lang='grc' dir='ltr'><strong><em>τομῆς</em></strong></span> <span class='ocrx_word' id='word_1_213' title='bbox 378 3173 408 3227; x_wconf 90' lang='lat' dir='ltr'>in</span> <span class='ocrx_word' id='word_1_214' title='bbox 426 3175 545 3242; x_wconf 88' lang='lat' dir='ltr'>utroque</span> <span class='ocrx_word' id='word_1_215' title='bbox 564 3172 672 3242; x_wconf 87' lang='lat' dir='ltr'>libello,</span> <span class='ocrx_word' id='word_1_216' title='bbox 692 3176 720 3228; x_wconf 87' lang='lat' dir='ltr'>et</span> <span class='ocrx_word' id='word_1_217' title='bbox 739 3191 794 3242; x_wconf 86' lang='lat' dir='ltr'>mg.</span> <span class='ocrx_word' id='word_1_218' title='bbox 812 3190 872 3243; x_wconf 88' lang='lat' dir='ltr'>sup.</span> <span class='ocrx_word' id='word_1_219' title='bbox 887 3172 993 3242; x_wconf 83' lang='lat' dir='ltr'>legitur</span> <span class='ocrx_word' id='word_1_220' title='bbox 1010 3173 1040 3226; x_wconf 92' lang='lat' dir='ltr'>in</span> <span class='ocrx_word' id='word_1_221' title='bbox 1058 3173 1152 3242; x_wconf 88' lang='lat' dir='ltr'>priore</span> 
     </span>
     <span class='ocr_line' id='line_1_29' title="bbox 142 3251 1153 3334; baseline 0 -18"><span class='ocrx_word' id='word_1_222' title='bbox 142 3261 250 3334; x_wconf 83' lang='grc' dir='ltr'><strong><em>βιβλίον</em></strong></span> <span class='ocrx_word' id='word_1_223' title='bbox 268 3270 296 3332; x_wconf 75' lang='grc' dir='ltr'>ἃ,</span> <span class='ocrx_word' id='word_1_224' title='bbox 316 3262 346 3316; x_wconf 90' lang='lat' dir='ltr'>in</span> <span class='ocrx_word' id='word_1_225' title='bbox 365 3261 454 3317; x_wconf 84' lang='lat' dir='ltr'>altero</span> <span class='ocrx_word' id='word_1_226' title='bbox 473 3260 581 3334; x_wconf 87' lang='grc' dir='ltr'><strong><em>βιβλίον</em></strong></span> <span class='ocrx_word' id='word_1_227' title='bbox 599 3251 625 3334; x_wconf 62' lang='grc' dir='ltr'>δ’.</span> <span class='ocrx_word' id='word_1_228' title='bbox 653 3260 872 3316; x_wconf 82' lang='lat' dir='ltr'>ianol.193¹¹</span> <span class='ocrx_word' id='word_1_229' title='bbox 891 3261 995 3316; x_wconf 86' lang='lat' dir='ltr'>desinit</span> <span class='ocrx_word' id='word_1_230' title='bbox 1009 3262 1039 3316; x_wconf 89' lang='lat' dir='ltr'>in</span> <span class='ocrx_word' id='word_1_231' title='bbox 1058 3263 1073 3316; x_wconf 88' lang='grc' dir='ltr'><strong><em>δ</em></strong></span> <span class='ocrx_word' id='word_1_232' title='bbox 1088 3263 1153 3331; x_wconf 81' lang='grc' dir='ltr'><strong><em>περὶ</em></strong></span> 
     </span>
     <span class='ocr_line' id='line_1_30' title="bbox 141 3332 1152 3405; baseline 0.001 -18"><span class='ocrx_word' id='word_1_233' title='bbox 141 3336 205 3388; x_wconf 81' lang='grc' dir='ltr'><strong><em>τοί-</em></strong></span> <span class='ocrx_word' id='word_1_234' title='bbox 223 3353 248 3405; x_wconf 92' lang='lat' dir='ltr'>p.</span> <span class='ocrx_word' id='word_1_235' title='bbox 265 3339 325 3404; x_wconf 83' lang='grc'>116,</span> <span class='ocrx_word' id='word_1_236' title='bbox 340 3341 386 3403; x_wconf 78' lang='lat'>12,</span> <span class='ocrx_word' id='word_1_237' title='bbox 406 3333 507 3388; x_wconf 90' lang='lat' dir='ltr'>deinde</span> <span class='ocrx_word' id='word_1_238' title='bbox 526 3333 574 3390; x_wconf 86' lang='lat' dir='ltr'>fol.</span> <span class='ocrx_word' id='word_1_239' title='bbox 590 3339 654 3388; x_wconf 67' lang='grc' dir='ltr'>194Υ</span> <span class='ocrx_word' id='word_1_240' title='bbox 672 3333 800 3402; x_wconf 88' lang='lat' dir='ltr'>sequitur</span> <span class='ocrx_word' id='word_1_241' title='bbox 818 3351 886 3388; x_wconf 85' lang='grc' dir='ltr'><strong><em>-τον</em></strong></span> <span class='ocrx_word' id='word_1_242' title='bbox 904 3332 985 3402; x_wconf 73' lang='grc' dir='ltr'><strong><em>λόγος</em></strong></span> <span class='ocrx_word' id='word_1_243' title='bbox 1004 3350 1067 3387; x_wconf 91' lang='lat' dir='ltr'>cum</span> <span class='ocrx_word' id='word_1_244' title='bbox 1086 3335 1152 3388; x_wconf 90' lang='lat' dir='ltr'>sub-</span> 
     </span>
     <span class='ocr_line' id='line_1_31' title="bbox 142 3403 1151 3475; baseline 0.002 -17"><span class='ocrx_word' id='word_1_245' title='bbox 142 3406 293 3475; x_wconf 87' lang='lat' dir='ltr'>scriptione</span> <span class='ocrx_word' id='word_1_246' title='bbox 312 3409 341 3462; x_wconf 84' lang='lat' dir='ltr'>et</span> <span class='ocrx_word' id='word_1_247' title='bbox 356 3410 519 3460; x_wconf 76' lang='lat' dir='ltr'>ornamento</span> <span class='ocrx_word' id='word_1_248' title='bbox 533 3405 625 3474; x_wconf 55' lang='grc' dir='ltr'><strong><em>δειλὴ</em></strong></span> <span class='ocrx_word' id='word_1_249' title='bbox 643 3405 674 3460; x_wconf 88' lang='lat' dir='ltr'>in</span> <span class='ocrx_word' id='word_1_250' title='bbox 688 3405 787 3460; x_wconf 79' lang='lat' dir='ltr'>eadem</span> <span class='ocrx_word' id='word_1_251' title='bbox 801 3404 907 3474; x_wconf 78' lang='lat' dir='ltr'>pagina</span> <span class='ocrx_word' id='word_1_252' title='bbox 920 3403 1022 3475; x_wconf 86' lang='lat' dir='ltr'>incipit</span> <span class='ocrx_word' id='word_1_253' title='bbox 1036 3404 1151 3460; x_wconf 84' lang='lat' dir='ltr'>libellus</span> 
     </span>
     <span class='ocr_line' id='line_1_32' title="bbox 143 3475 1153 3548; baseline 0.002 -19"><span class='ocrx_word' id='word_1_254' title='bbox 143 3477 177 3530; x_wconf 90' lang='lat' dir='ltr'>de</span> <span class='ocrx_word' id='word_1_255' title='bbox 188 3478 311 3534; x_wconf 84' lang='lat' dir='ltr'>sectione</span> <span class='ocrx_word' id='word_1_256' title='bbox 322 3478 385 3532; x_wconf 90' lang='lat' dir='ltr'>coni</span> <span class='ocrx_word' id='word_1_257' title='bbox 399 3477 459 3532; x_wconf 89' lang='lat' dir='ltr'>sine</span> <span class='ocrx_word' id='word_1_258' title='bbox 469 3477 562 3548; x_wconf 87' lang='lat' dir='ltr'>titulo,</span> <span class='ocrx_word' id='word_1_259' title='bbox 576 3477 651 3532; x_wconf 86' lang='lat' dir='ltr'>unde</span> <span class='ocrx_word' id='word_1_260' title='bbox 662 3493 747 3531; x_wconf 81' lang='lat' dir='ltr'>causa</span> <span class='ocrx_word' id='word_1_261' title='bbox 758 3475 857 3531; x_wconf 85' lang='lat' dir='ltr'>erroris</span> <span class='ocrx_word' id='word_1_262' title='bbox 868 3475 993 3544; x_wconf 76' lang='lat' dir='ltr'>adparet.</span> <span class='ocrx_word' id='word_1_263' title='bbox 1013 3476 1153 3531; x_wconf 75' lang='lat' dir='ltr'>Donatius</span> 
     </span>
     <span class='ocr_line' id='line_1_33' title="bbox 142 3545 977 3620; baseline 0 -18"><span class='ocrx_word' id='word_1_264' title='bbox 142 3549 328 3605; x_wconf 86' lang='lat' dir='ltr'>correctiones</span> <span class='ocrx_word' id='word_1_265' title='bbox 348 3566 412 3605; x_wconf 77' lang='lat' dir='ltr'>suos</span> <span class='ocrx_word' id='word_1_266' title='bbox 432 3553 469 3620; x_wconf 89' lang='lat' dir='ltr'>(p.</span> <span class='ocrx_word' id='word_1_267' title='bbox 485 3555 536 3606; x_wconf 85' lang='grc'>116</span> <span class='ocrx_word' id='word_1_268' title='bbox 551 3551 619 3619; x_wconf 82' lang='lat' dir='ltr'>not.)</span> <span class='ocrx_word' id='word_1_269' title='bbox 638 3565 654 3603; x_wconf 92' lang='lat' dir='ltr'>e</span> <span class='ocrx_word' id='word_1_270' title='bbox 672 3567 699 3602; x_wconf 88' lang='lat' dir='ltr'><strong>w</strong></span> <span class='ocrx_word' id='word_1_271' title='bbox 716 3547 827 3618; x_wconf 81' lang='lat' dir='ltr'>petiuit,</span> <span class='ocrx_word' id='word_1_272' title='bbox 847 3557 879 3600; x_wconf 85' lang='lat' dir='ltr'>ut</span> <span class='ocrx_word' id='word_1_273' title='bbox 897 3545 977 3602; x_wconf 88' lang='lat' dir='ltr'>solet.</span> 
     </span>
    </p>
   </div>
   <div class='ocr_carea' id='block_1_4' title="bbox 0 0 1292 3934">
    <p class='ocr_par' dir='ltr' id='par_1_4' title="bbox 0 0 1292 3934">
     <span class='ocr_line' id='line_1_34' title="bbox 0 0 1292 3934; baseline 0 1"><span class='ocrx_word' id='word_1_274' title='bbox 0 0 1292 3934; x_wconf 95' lang='lat' dir='ltr'> </span> 
     </span>
    </p>
   </div>
  </div>
 </body>
</html>
