2504 3928
187 192 250 255 176
493 195 580 246 ΠΕΡΙ
598 193 727 246 ΕΩΝΟΤ
744 195 882 248 ΤΟΜΗΣ.

184 342 267 402 ΑΔ·
308 338 345 402 τὸ
365 341 473 402 ΗΛΘ
495 339 559 422 ίίρα
582 340 746 423 τρίγωνον
770 341 905 403 ἔλαττόν
924 338 994 404 έστι
1014 346 1073 404 τοῦ
1092 341 1192 404 ΓΑΔ

185 445 360 530 τριγώνου.
402 443 523 528 ὁμοίως
545 440 582 508 δὲ
605 444 784 528 δείκνυται,
808 445 858 511 ὅτι
881 443 937 510 καὶ
954 445 1061 510 τιώντα
1079 446 1117 510 τδ
1134 445 1191 508 διὰ

185 561 245 616 τοῦ
264 550 381 629 ἄξονος
398 554 544 637 τρίγωνα
562 559 622 615 τοῦ
637 554 735 615 ΓΑΔ
754 550 912 616 ε’λιίττονώ
931 551 1009 617 ε’στι.
1041 550 1190 636 μέγιστον

186 661 249 743 ἄρα
276 657 410 722 πάντων
437 667 505 723 τών
530 658 586 722 διὰ
609 666 668 722 τοῦ
692 656 809 735 ἄξονος
831 659 1005 743 τριγώνων
1027 659 1064 724 τὸ
1087 661 1188 740 ΑΓΔ,

153 774 168 823 5
188 764 359 849 ἐλάχιστον
382 760 419 827 δὲ
441 765 478 828 τὸ
502 768 614 828 ΑΕΖ·
645 763 724 850 ὅπερ
749 765 816 828 ἔδει
839 762 951 842 δεῖξαι.

274 871 396 955 ὁμοίως
427 867 464 934 δὲ
496 871 678 954 δείκνυται,
716 871 766 936 ὅτι
795 868 850 935 καλ
877 873 914 936 τὸ
947 881 1009 936 τοῦ
1041 873 1186 956 μεγίστου

186 981 298 1061 έγγιον
321 980 430 1062 μεῖζόν
454 977 522 1042 ἐστι
545 986 605 1042 τοῦ
629 977 807 1063 ἀπώτερον.

663 1249 722 1290 κε.

251 1366 306 1432 Ἐν
332 1378 378 1455 τῳ
406 1365 542 1432 δοθέντι
569 1369 664 1455 κώνῳ
692 1373 844 1456 σκαληνῳ
873 1367 935 1433 ἀπὸ
965 1378 1023 1452 τῆς
1049 1377 1185 1454 κορυφῆς

137 1485 169 1533 10
189 1473 241 1540 ἐπὶ
259 1475 320 1557 την
338 1472 551 1561 περιφέρειαν
569 1483 626 1558 τῆς
644 1474 770 1559 βάσεως
790 1474 928 1540 εὐθεῖαν
947 1474 1092 1559 ἀγαγεῖν,
1113 1475 1185 1559 πρὸς

188 1583 230 1666 ἣν
253 1583 273 1666 η
296 1584 431 1666 μεγίστη
455 1583 557 1662 λόγον
579 1579 642 1658 ἕξει
666 1579 822 1646 δοθέντα·
846 1583 900 1646 δεῖ
915 1583 957 1666 δὴ
976 1583 1036 1648 τὸν
1055 1580 1183 1648 δοθέντι

188 1693 289 1771 λόγον
312 1691 459 1773 μείζονος
486 1683 547 1771 μὲν
570 1682 759 1772 εἶναιπρὸς
782 1687 953 1773 ἐλάττονα,
981 1689 1133 1754 έλώττονα
1154 1683 1182 1750 δὲ

188 1792 273 1862 εἶναι
300 1803 361 1860 τοῦ
393 1794 433 1859 ὃν
461 1797 526 1878 ἔχει
553 1792 574 1876 ἡ
601 1797 736 1878 μεγίστη
763 1806 829 1860 τῶν
857 1794 893 1860 ἐν
918 1805 964 1884 τῳ
991 1797 1088 1883 κώνῳ
1113 1794 1183 1879 πρὸς
1247 1807 1248 1830 ³

187 1905 248 1986 την
271 1901 452 1986 ἐλαχίστην.

137 2017 169 2064 15
255 2009 407 2072 δεδόσθω
435 2018 556 2092 κῶνος,
584 2003 625 2073 οὗ
647 2007 743 2092 βάσις
770 2008 787 2074 ὁ
811 2013 880 2074 ΒΓ
903 2011 1024 2087 κύκλος
1050 2008 1104 2075 καὶ
1126 2007 1185 2073 διοί-

188 2137 305 2200 μετρος
333 2122 393 2178 τοῦ
420 2116 545 2179 κύκλου
572 2113 592 2197 ἡ
619 2119 648 2178 B
655 2118 696 2198 Γ,
723 2117 855 2201 κορυφὴ
879 2113 916 2180 δὲ
939 2117 976 2180 τὸ
999 2121 1032 2181 Α
1056 2127 1186 2200 σημεῖον.

187 2224 271 2308 πρὸς
293 2221 399 2307 ὀρθὰς
423 2217 459 2285 δὲ
482 2229 528 2309 τῷ
548 2225 616 2286 ΒΓ
632 2221 741 2309 κύκλῳ
765 2223 802 2288 τὸ
821 2225 926 2287 ΑΒΓ
944 2227 1120 2308 τρίγωνον·
1141 2243 1186 2306 με·
1245 2257 1246 2264 1

188 2334 282 2413 γίστη
306 2326 365 2414 μὲν
388 2329 453 2412 ἄρα
471 2326 491 2409 η
511 2330 578 2393 ΒΑ
600 2338 668 2392 τῶν
686 2327 749 2393 ἀπὸ
768 2337 827 2413 τῆς
843 2337 994 2415 κορυφῆς
1011 2337 1072 2394 τοῦ
1089 2330 1186 2393 κώνου

188 2437 341 2519 εὐθειῶν,
360 2434 512 2518 ἐλαχίστη
531 2430 568 2498 δὲ
586 2435 653 2518 ηΑ
659 2437 694 2499 Γ.
727 2433 928 2519 έκιτετοίχθω
948 2436 989 2518 δὴ
1009 2433 1073 2500 ιἰτιὸ
1090 2437 1186 2499 τοῦΑ

136 2553 170 2601 20
189 2541 242 2607 ἐπὶ
260 2545 322 2627 την
339 2540 553 2628 περιφέρειαν
572 2550 632 2606 τοῦ
650 2541 775 2606 κύκλου
795 2540 931 2624 ἀγαγεῖν
949 2542 1095 2625 εὐθεῖαν,
1116 2539 1185 2624 πρὸς

189 2648 231 2730 ἣν
253 2649 274 2732 ἡ
293 2653 360 2712 BA
382 2652 483 2731 λόγον
506 2647 579 2732 ἕξει,
602 2647 642 2713 δν
665 2651 729 2732 ἔχει
751 2648 771 2732 ἡ
790 2655 823 2713 Δ
846 2649 961 2713 εὐθεῖα
980 2651 1097 2732 μείζων
1115 2641 1184 2710 οὖσα

188 2755 271 2839 πρὸς
299 2755 361 2837 τὴν
383 2759 415 2818 Ε
442 2754 611 2819 έλώττονα·
644 2753 742 2839 ἐχέτω
770 2751 806 2819 δέ
834 2755 910 2839 ηΔ
936 2757 1019 2841 πρὸς
1043 2760 1076 2820 Ε
1099 2755 1185 2834 λόγον

189 2860 346 2926 ἐλάττονα
369 2868 429 2924 τοῦ
454 2858 493 2923 ὃν
516 2862 580 2943 ἔχει
603 2859 623 2942 η
647 2863 713 2924 ΒΑ
735 2861 818 2946 πρὸς
841 2863 915 2924 ΑΓ.
1241 2919 1242 2942 ,

254 2967 409 3051 κατηχθω
440 2963 493 3029 ἐπὶ
520 2966 580 3048 τὴν
607 2969 679 3030 ΒΓ
699 2966 840 3043 κάθετος
865 2964 886 3048 ἡ
916 2973 949 3031 Α
956 2970 997 3050 Ζ,
1030 2965 1084 3032 καὶ
1110 2965 1183 3048 ἐκβε-

136 3086 169 3134 25
189 3076 326 3158 βλησθω
353 3073 374 3157 η
398 3077 426 3136 Β
435 3075 512 3156 ΖΗ,
535 3070 590 3137 καὶ
617 3073 662 3149 ὡς
691 3071 766 3155 ἡΔ
792 3074 875 3158 πρὸς
897 3078 941 3157 Ε,
969 3074 1075 3151 οὕτως
1101 3070 1182 3156 ἐχέτω

261 3342 284 3390 1.
305 3340 360 3389 ΗΑ
368 3339 404 3408 Θ]
424 3339 453 3388 Η
460 3338 484 3390 Θ
503 3353 525 3390 ο.
582 3335 705 3408 ἔλαττον]
725 3353 793 3390 corr.
818 3353 852 3391 ex
872 3336 987 3393 ἔλασσον
1005 3357 1041 3395 m.
1062 3345 1076 3392 1
1095 3355 1116 3392 ο.
1162 3337 1179 3384 3-

192 3409 283 3477 ΓΑΔ]
302 3412 385 3461 ΑΓΔ
402 3424 429 3475 p.
510 3405 655 3478 ἐλάττονα]
677 3425 709 3476 p,
735 3407 847 3463 ἔλαττον
866 3408 934 3463 ch
958 3409 1024 3478 (fuit
1046 3409 1180 3464 correctum

191 3475 221 3527 in
243 3477 308 3545 W).
400 3485 424 3529 5.
451 3475 520 3544 ὅπερ
545 3476 601 3530 ἔδει
624 3479 725 3548 δεῖξαι]
750 3495 803 3534 om.
826 3497 853 3548 p.
945 3486 969 3534 7.
993 3479 1141 3550 ἀπώτερον]
1159 3491 1179 3544 Ρ,

191 3545 329 3613 ἀπώτερον
351 3547 405 3602 Vc.
480 3553 505 3600 8.
524 3547 581 3619 ιε’]
599 3565 618 3616 p
642 3550 671 3602 et
693 3567 730 3604 m.
753 3566 807 3606 ree.
827 3550 861 3620 V,
885 3567 939 3606 om.
957 3551 1011 3607 Vc.
