2592 3932
174 151 240 214 244
487 153 574 204 ΠΕΡΙ
591 153 719 205 muoz*
738 154 873 208 ΤΟΜΗΣ.

173 293 259 360 εἰσὶν
282 293 302 377 ἡ
325 292 386 379 μὲν
404 299 474 360 AA
498 294 550 360 ἐπὶ
573 298 633 380 τὴν
654 300 735 380 ZH,
758 296 779 380 ἡ
803 292 840 360 δὲ
859 301 939 361 AM
955 293 1008 361 ἐπὶ
1026 298 1086 380 τὴν
1111 299 1194 361 ΘΚ.

172 400 227 466 καὶ
251 399 320 466 ἐπεὶ
343 402 363 485 η
386 403 451 467 ὑπὸ
476 406 588 467 ΓΒΜ
604 406 709 485 γωνία
732 412 772 488 τῇ
795 403 860 468 ὑπὸ
886 406 983 468 ΓΒΛ
1007 409 1060 486 ἴση
1083 402 1195 487 ἐστίν,

173 513 227 591 ἴση
255 510 319 596 ἄρα
348 506 403 574 καὶ
426 510 445 594 η
468 514 541 575 MB
565 510 680 574 εὐθεῖα
703 519 741 595 τῇ
765 514 841 574 BA.
884 509 952 576 ἐπεὶ
975 507 1096 576 οὖντὸ
1124 509 1194 574 ἀπὸ

174 623 231 698 τῆς
254 620 320 680 AB
345 622 418 681 ἴσον
442 615 511 682 ἐστὶ
534 628 603 693 τοῖς
626 617 689 681 ἀπὸ
713 629 780 682 τών
802 622 893 701 AM,
912 622 1000 701 ΜΒ,
1024 616 1107 681 ἀλλὰ
1134 615 1195 681 καὶ

138 733 243 798 ὅτοῖς
269 721 333 787 ἀπὸ
357 726 440 806 AA,
468 726 546 806 AB,
574 720 629 787 καὶ
656 723 696 787 τὰ
724 722 787 787 ἀπὸ
816 733 883 787 τῶν
906 727 996 806 AM,
1024 725 1096 788 ΜΒ
1123 724 1195 809 ἄρα

173 839 243 904 τοῖς
266 827 330 894 ἀπὸ
353 841 420 895 τῶν
439 833 524 913 AA,
543 834 607 894 AB
632 836 686 894 ἴσα
706 828 806 912 ἐστίν,
830 824 877 894 ὧν
896 831 933 894 τὸ
952 828 1016 894 ἀπὸ
1033 837 1092 913 τῆς
1112 833 1194 894 ΜΒ

173 944 218 1022 τῷ
249 934 312 1000 ιἰιτὸ
340 940 406 1000 ΒΛ
434 942 507 1002 ἴσον
536 936 617 1002 ἐστί·
645 937 763 1001 λοιπὸν
791 937 856 1021 ἄρα
881 937 919 1000 τὸ
947 935 1011 1001 ἀπὸ
1035 940 1114 1001 MA
1144 946 1194 1024 τῷ

174 1040 237 1106 ἀπὸ
266 1046 334 1106 AA
362 1048 436 1108 ἴσον
464 1043 566 1108 ἐστίν·
596 1048 650 1126 ἴση
678 1044 742 1128 ἄρα
770 1041 789 1125 η
818 1045 887 1106 AA
919 1051 958 1127 τῇ
987 1047 1071 1107 ΑΜ.
1130 1047 1197 1108 καί

174 1150 259 1213 εἰσιν
276 1149 345 1233 ὕψη
364 1161 431 1214 τῶν
449 1152 631 1236 τριγώνων,
650 1144 698 1215 ὧν
716 1149 828 1234 βάσεις
846 1146 932 1214 εἰσὶν
950 1151 987 1215 αἱ
1006 1153 1079 1213 ΖΗ
1079 1198 1089 1233 ,
1107 1153 1192 1214 ΘΚ·

121 1271 155 1318 1ο
178 1261 232 1319 ἴσα
255 1256 319 1341 ἄρα
343 1253 411 1320 ἐστὶ
434 1256 473 1319 τὰ
492 1253 630 1321 ἐπὶτῶν
650 1260 730 1341 ΖΗ,
751 1260 819 1321 ΘΚ
833 1256 962 1340 βάσεων
980 1259 1128 1340 τρίγωνα
1148 1258 1193 1321 τὰ

174 1361 229 1424 διὰ
253 1371 312 1426 τοῦ
335 1359 466 1439 ἄξονος·
490 1362 569 1448 ὅπερ
593 1364 659 1428 ἔδει
682 1361 794 1441 δεῖξαι.

640 1538 712 1624 μηθ’.

244 1650 318 1711 Τών
344 1647 400 1711 διὰ
423 1654 482 1711 τοῦ
506 1643 622 1722 ἄξονος
645 1645 818 1731 τριγώνων
840 1645 879 1709 τὰ
902 1645 1047 1730 ὁμοταγῆ
1072 1652 1130 1711 ἴσα
1154 1671 1192 1712 τε
1288 1642 1289 1688 ¹

173 1751 228 1817 καὶ
251 1754 348 1838 ὅμοια
371 1753 525 1835 ἀλληλοις
548 1752 646 1817 ἐστίν.

122 1875 155 1923 15
242 1861 323 1924 ἔστω
365 1861 428 1945 γὰρ
471 1860 515 1935 ὡς
551 1857 604 1923 ἐπὶ
639 1867 697 1942 τῆς
733 1856 948 1944 προκειμένης
983 1859 1023 1923 τὰ
1063 1864 1190 1945 ZAH,

176 1969 282 2030 ΘΑΚ
303 1968 449 2048 τρίγωνα
472 1965 625 2050 ὁμοταγῆ.
671 1963 770 2048 λέγω,
798 1965 848 2030 ὅτι
872 1971 927 2029 ἴσα
950 1987 984 2030 τε
1006 1962 1062 2029 καὶ
1086 1965 1191 2050 ὅμοιά
1289 1961 1290 1980 ’

174 2071 264 2137 ἐστιν
287 2071 449 2155 ἀλληλοις.

241 2179 291 2244 ὅτι
309 2176 370 2263 μὲν
388 2175 450 2244 οὖν
470 2184 525 2243 ἴσα
545 2178 643 2262 ἐστίν,
666 2179 730 2261 ἤδη
749 2176 924 2242 δέδεικται·
948 2177 999 2242 ὅτι
1019 2173 1056 2240 δὲ
1075 2178 1190 2263 ὅμοια,

173 2294 238 2350 νῦν
261 2284 416 2350 δεικτέον.

124 2405 158 2454 20
244 2391 312 2457 ἐπεὶ
346 2392 409 2477 γὰρ
441 2392 461 2476 ἡ
489 2396 555 2456 AB
589 2391 625 2456 ἐν
658 2389 797 2479 ἑκατέρῳ
825 2402 892 2455 τών
919 2392 1092 2476 τριγώνων
1120 2391 1188 2458 ἀπὸ

174 2508 231 2581 τῆς
253 2508 403 2583 κορυφῆς
422 2496 474 2562 ἐπὶ
492 2500 553 2582 τὴν
571 2498 763 2582 ὃιχοτομίαν
780 2491 874 2580 ἦκται
893 2507 950 2581 τῆς
968 2497 1104 2581 βάσεως,
1127 2502 1190 2563 καί

174 2604 264 2670 ἐστιν
288 2611 361 2669 ἴσον
383 2606 421 2670 τὸ
445 2605 508 2669 ἀπὸ
532 2613 589 2688 τῆς
611 2599 676 2669 AB
700 2615 769 2680 τοῖς
791 2603 855 2668 ιἰτιὸ
874 2607 964 2687 AM,
987 2608 1075 2688 ΜΒ,
1099 2604 1186 2670 ἀλλὰ

174 2708 229 2774 καὶ
257 2722 326 2786 τοῖς
354 2709 416 2773 ἀπὸ
445 2713 528 2793 AA,
555 2714 635 2794 AB,
662 2709 717 2775 καὶ
745 2711 785 2774 τὰ
813 2709 876 2776 ιἰτὸ
899 2714 989 2793 AM,
1017 2714 1089 2774 ΜΒ
1119 2713 1186 2796 ἄρα

246 2870 271 2920 5.
291 2865 359 2919 Post
377 2865 434 2920 ἀκό
449 2869 510 2937 (pr.)
530 2867 594 2922 add.
612 2868 693 2921 ÷m.
712 2883 766 2921 rec.
781 2866 814 2921 V.
871 2863 1136 2938 καὶτώ-θ.ΑΒ]
1156 2886 1184 2937 p,

174 2936 219 2990 bis
238 2937 314 2991 ch.
401 2943 425 2992 ὅ.
445 2937 513 3010 ἄρα]
537 2937 593 3007 ἄρα
617 2937 663 2992 ἴσα
683 2935 734 3000 εἰσί
752 2956 779 3007 p.
867 2942 892 2991 6.
912 2934 958 2990 ἴσα
976 2934 1063 3009 ἐστίν]
1082 2954 1135 2992 om.
1155 2957 1183 3007 p.

211 3015 235 3064 7.
254 3007 395 3080 ἀκόφνη]
416 3016 676 3079 suprascr.m.1c.
732 3009 796 3080 BA]
810 3026 837 3077 p,
857 3013 906 3061 BA
920 3007 973 3062 Vc.
1029 3008 1183 3082 ώτό(ωΙι.)]

174 3079 348 3134 sustulerunt
366 3097 474 3134 uermes
494 3080 523 3133 in
542 3097 564 3134 ο.
656 3087 679 3135 8.
705 3079 766 3152 ἴση]
791 3095 805 3133 e
825 3095 892 3133 corr.
913 3096 935 3132 ο.
1027 3078 1103 3204 &pap
1125 3079 1183 3148 ἄρα

175 3149 248 3206 ἐστίν
262 3169 289 3220 p.
343 3151 438 3224 ηΑΑ]
453 3151 697 3221 1ἱτι.ἡΛοοονι.
711 3170 738 3222 p.
795 3156 836 3205 10.
852 3147 1003 3221 ἐκί]νομ;
1023 3149 1083 3205 ἐ-ιι
1104 3151 1130 3205 d.
1145 3169 1182 3206 m.

173 3239 227 3276 reo.
247 3223 273 3276 V
299 3223 524 3291 praecedunt-
542 3255 577 3263 -—
594 3241 630 3276 m.
649 3239 703 3276 rec.
775 3220 810 3275 τὰ
828 3219 877 3276 διώ
907 3239 939 3290 p,
959 3239 1012 3276 om.
1031 3221 1081 3278 .Vc.
1138 3228 1181 3277 11.

175 3291 242 3360 ὅπερ
264 3264 320 3347 Met
338 3294 440 3365 δεῖξαι]
459 3311 511 3348 om.
527 3312 553 3363 p.
637 3299 678 3348 15.
700 3292 765 3347 ἔστω
785 3290 854 3365 γάρ]
889 3309 995 3346 στωσαν
1013 3311 1040 3361 p.
1113 3312 1185 3362 προ-

175 3361 314 3434 κειμένης]
333 3362 517 3434 προκειμένης
535 3372 717 3433 καταγραφῆς
735 3382 761 3433 p.
817 3369 858 3417 23.
879 3365 943 3434 AB]
962 3368 1041 3418 AAB
1055 3381 1078 3419 ο.
1134 3364 1184 3418 καὶ

174 3432 210 3487 τώ
227 3465 262 3474 -
280 3453 307 3503 p.
323 3440 383 3504 246,
404 3441 427 3489 1.
447 3437 511 3507 AB]
532 3451 584 3491 om.
603 3434 663 3504 Vc,
688 3434 723 3488 τὰ
741 3434 797 3503 ἄρα
815 3435 872 3489 ἀπὸ
890 3443 945 3490 τῶν
964 3439 1032 3503 AM,
1047 3439 1106 3489 ΜΒ
1125 3445 1184 3499 τοῖς

175 3503 232 3560 ἀπὸ
251 3513 306 3559 τῶν
324 3510 385 3574 AA,
399 3511 451 3559 AB
469 3524 496 3574 p.
