2488 3938
162 164 204 228 84
431 165 520 216 ΠΕΡΙ
537 163 753 215 ΚΤΛΙΝΔΡΟΤ
771 163 908 218 ΤΟΜΗΣ.

161 314 231 373 ΑΔ
253 308 401 393 πλευράν
423 308 444 391 ή
464 311 541 372 ΓΔ·
566 307 717 391 ἐλαχίστη
741 307 805 387 άρα
829 305 919 372 ἐστὶν
937 308 957 391 ή
977 309 1044 372 ΓΔ
1063 317 1171 371 πασῶν
1230 380 1240 396 .

161 425 228 480 τῶν
246 425 318 491 ταῖς
332 419 364 479 Α
370 420 413 497 Δ,
428 417 488 478 ΓΒ
503 417 726 500 παραλλήλοις
740 413 981 498 ε’μπιπτουσῶν.
1009 415 1172 496 εἰλήφθω·
1230 397 1231 400 ¹

161 535 224 598 σαν
248 519 301 605 ἐφ’
328 519 464 603 ἑκάτερα
487 529 547 584 τοῦ
570 526 603 585 Δ
627 526 696 585 ἴσαι
719 517 850 586 εὐθεῖαι
873 522 910 585 αί
930 525 1006 605 ΕΔ,
1027 526 1103 604 ΛΖ,
1124 517 1173 583 καὶ

161 627 409 712 ἐπεζεύχθωσαν
433 627 471 691 αἱ
487 629 559 710 ΕΓ,
574 630 647 691 ΓΖ·
672 628 814 716 ίσηάρα
836 625 856 710 ἡ
876 630 944 691 ΕΓ
957 635 997 712 τῇ
1017 630 1090 692 ΖΓ.
1122 625 1173 690 ἐὰν
1234 611 1235 614 ¹

126 747 142 794 5
162 732 224 801 οὖν
242 735 403 800 κατάτὸν
420 731 690 820 παραδεδομένον
708 736 833 818 τρόπον
852 733 1028 818 ἀγάγωμεν
1043 735 1101 798 διά
1114 743 1174 796 τῶν

161 847 236 926 ΓΕ,
261 846 322 907 ΓΖ
346 841 497 924 ἐπίπεδα,
525 851 615 924 τεμεῖ
639 841 698 905 τὸν
721 841 912 926 κύλινδρον.
957 839 1103 924 τεμνέτω
1126 836 1173 903 καὶ
1235 841 1240 860 *

159 952 292 1014 ποιείτω
326 949 384 1024 τὰς
415 949 532 1031 ΕΗΓ,
563 950 664 1012 ΖΘΓ
695 946 863 1025 ἐλλείψεις.
919 944 1003 1030 λέγω
1039 948 1097 1030 δή,
1129 945 1171 1010 ὅτι

160 1057 274 1140 ὅμοιαί
294 1057 388 1119 είσιν.

227 1158 296 1226 ἐπεὶ
329 1159 406 1244 γάρ,
439 1159 484 1236 ὡς
515 1161 552 1224 τὸ
581 1159 644 1224 ἀπὸ
672 1167 730 1243 τής
757 1163 825 1224 ΕΓ
846 1161 929 1245 πρὸς
956 1161 993 1225 τὸ
1023 1159 1090 1225 ἀπὸ
1121 1165 1172 1239 τῆς

108 1280 140 1328 10
161 1272 240 1351 ΓΑ,
273 1265 379 1342 οὕτως
410 1267 447 1330 τὸ
481 1265 544 1331 ἀπὸ
571 1275 629 1349 τῆς
658 1269 724 1331 ΖΓ
745 1267 828 1351 πρὸς
854 1267 892 1332 τὸ
920 1265 984 1332 ἀπὸ
1013 1276 1075 1351 τῆς
1105 1267 1171 1344 ΓΑ,

160 1375 244 1440 ἀλλά
266 1374 303 1439 τὸ
326 1369 387 1456 μὲν
411 1371 474 1437 ἀπὸ
497 1381 555 1455 τῆς
577 1376 646 1438 ΕΓ
662 1373 745 1458 πρὸς
767 1374 804 1438 τὸ
833 1372 897 1439 ἀπὸ
925 1382 984 1457 τῆς
1013 1377 1080 1438 ΓΑ
1109 1369 1169 1436 ἐστι
1232 1369 1233 1405 ³

159 1483 196 1547 τὸ
221 1480 284 1546 ἀπὸ
307 1489 365 1563 τής
383 1481 453 1544 ΕΓ
471 1477 650 1564 διαμέτρου
673 1488 731 1562 τῆς
753 1489 854 1564 τομής
876 1481 959 1564 πρὸς
979 1481 1017 1546 τὸ
1038 1480 1103 1545 ἀπὸ
1121 1483 1170 1558 τῆς

160 1585 259 1674 ἑαυτῇ
283 1591 445 1670 συζυγοῦς
468 1584 657 1672 διαμέτρου,
680 1587 717 1650 τὸ
741 1582 778 1650 δὲ
797 1586 860 1652 ἀπὸ
879 1595 937 1670 τῆς
957 1590 1025 1651 ΖΓ
1037 1587 1120 1672 πρὸς
1136 1581 1167 1645 τὸ

159 1695 223 1760 ἀπὸ
247 1704 304 1778 τῆς
323 1698 388 1759 ΓΑ
412 1693 481 1758 ἐστι
503 1693 541 1757 τὸ
565 1692 628 1757 ἀπὸ
647 1701 704 1776 τῆς
723 1695 789 1758 ΖΓ
803 1692 982 1780 διαμέτρου
1000 1703 1060 1778 τῆς
1078 1696 1170 1774 τομῆς

107 1814 140 1861 15
159 1803 242 1887 πρὸς
269 1802 306 1865 τὸ
335 1800 398 1865 ἀπὸ
427 1809 484 1883 τής
512 1802 687 1882 συζυγοῠς.
701 1797 800 1884 ἑαυτῇ
829 1798 1022 1886 διαμέτρου,
1050 1797 1106 1866 καὶ
1130 1795 1167 1869 ὡς

160 1909 224 1993 ἀρα
255 1905 275 1989 ή
310 1909 377 1970 ΕΓ
404 1904 578 1991 διάμετρος
609 1906 692 1988 πρὸς
723 1907 784 1990 τήν
817 1904 916 1993 ἑαυτῇ
949 1911 1074 1992 συζυγῆ
1104 1901 1167 1969 διά·
1231 1935 1233 1968 ι

159 2036 294 2099 μετρον,
327 2011 413 2076 οὕτω
444 2010 499 2078 καὶ
530 2011 551 2094 ἡ
583 2014 650 2077 ΖΓ
673 2012 847 2099 διάμετρος
875 2015 959 2099 πρὸς
986 2015 1047 2099 τὴν
1076 2011 1165 2092 ἑαυτῇ

161 2123 283 2202 συζυγῆ
312 2117 497 2204 διάμετρον.
548 2118 631 2184 ἀλλά
658 2118 714 2184 καὶ
740 2121 824 2205 πρὸς
852 2126 924 2196 ἴσας
952 2123 1078 2203 γωνίας
1104 2114 1165 2199 τέμ·
1231 2126 1233 2172 λ

159 2249 275 2291 νονται
299 2225 335 2290 ἐν
358 2222 494 2311 ἑκατέρᾳ
517 2225 555 2289 αἱ
575 2225 754 2312 διάμετροι,
777 2227 823 2303 ὡς
846 2226 979 2311 ἐδείχθη
1002 2225 1164 2297 πολλάκις·
1231 2284 1234 2293 .

107 2346 141 2394 20
160 2333 271 2418 ὅμοιαι
298 2334 362 2419 ἀρα
390 2331 546 2415 ἀλλήλαις
573 2329 658 2398 είσλν
686 2333 724 2397 αί
743 2336 859 2419 ΕΗΓ,
885 2337 986 2399 ΖΘΓ
1005 2333 1163 2410 ἐλλείψεις·
1232 2332 1240 2421 λ

225 2439 287 2505 κάν
311 2437 422 2526 ἑτέρας
445 2436 482 2504 δὲ
505 2438 673 2524 ἀπολάβης
696 2445 769 2516 ίσας
787 2440 921 2517 εὐθείας
937 2437 1015 2526 παρ’
1037 2439 1163 2522 ἑκάτερα
1233 2447 1234 2460 ’

158 2556 217 2610 τοῦ
240 2553 284 2630 Δ,
307 2548 527 2629 συστήσονται
549 2546 651 2610 πάλιν
674 2543 781 2632 ἕτεραι
802 2547 864 2612 δύο
884 2546 1043 2626 ἐλλείψεις
1061 2548 1161 2634 δμοιαι
1229 2524 1233 2560 ⁴

159 2651 323 2735 ειιηιιις.
1230 2719 1233 2755 ,

226 2755 463 2841 ἐπισημαντέον
495 2756 545 2841 δέ,
578 2759 628 2824 ὅτι
661 2756 713 2823 ἐπὶ
741 2767 801 2824 τοῦ
828 2762 1011 2846 κυλίνδρου
1045 2759 1160 2842 ἀνάγκη
1230 2763 1234 2855 2

108 2877 142 2926 τε
160 2864 219 2940 τάς
242 2863 277 2928 ἐκ
299 2872 359 2928 τοῦ
383 2863 486 2928 αὐτοῦ
505 2863 626 2950 μέρους
649 2864 764 2948 ὁμοίας
786 2864 841 2930 καὶ
866 2872 938 2944 ἴσας
955 2861 1041 2933 εἶναι
1059 2867 1113 2933 διά
1130 2860 1160 2926 τὸ
1231 2910 1233 2960 ,

1232 2965 1233 3003 ι

229 3171 254 3218 ι,
277 3165 346 3234 ΖΓ]
367 3167 418 3217 rz
435 3181 462 3232 p.
543 3168 566 3216 τ.
588 3165 693 3235 ΕΗΓ]
716 3167 801 3217 THE
818 3182 845 3233 p.
924 3170 965 3219 10.
987 3164 1157 3235 Γιιριηρ,
1231 3121 1233 3176 t

159 3233 507 3289 Aecorr.m.1litterae
526 3240 552 3288 Δ
571 3233 691 3288 similem
704 3234 737 3303 V,
759 3238 867 3290 PAvc.
931 3241 971 3290 11.
992 3235 1158 3308 ἐστήοιωρ·

187 3313 236 3392 Ι12.
255 3313 304 3375 τῆς
322 3307 418 3376 τομῆς]
438 3301 494 3358 ἐστί
512 3321 538 3374 p.
613 3309 654 3359 13.
674 3303 771 3377 ἑαυτῇ]
790 3305 846 3374 V?‚
866 3305 1034 3361 ἑαυτοθο.
1106 3307 1157 3361 δια-
1231 3302 1233 3344 s

159 3378 390 3516 ’ἐῖἷιῖἀῖἀάῗιά
413 3462 432 3515 p
463 3381 504 3428 Μ’
524 3373 745 3517 ἀάῗιδιάῗὲιῖὸι]
765 3384 819 3500 ίάέ
836 3379 932 3516 {mm}
946 3376 1056 3502 ιέέτάά
1078 3469 1105 3504 ιι
1121 3375 1157 3513 ἀ]
1230 3394 1236 3511 λ

161 3530 213 3566 om.
230 3533 256 3581 p.
330 3489 448 3585 γωνίας]
467 3533 494 3582 p,
514 3513 621 3582 ῗίοας
634 3515 667 3584 V,
690 3515 762 3588 ήίσας
781 3490 818 3571 ο..
859 3492 918 3573 '19.
938 3492 986 3590 ἐν]
1000 3519 1033 3588 V,
1053 3469 1157 3586 gmpcp·
1235 3535 1238 3587 ι
