2504 3928
186 150 251 214 184
494 151 581 204 ΠΕΡΙ
598 151 727 204 mor
745 153 882 205 ΤοιιΗΣ.

184 295 280 377 βᾶσις
304 292 341 359 δὲ
366 295 383 361 ὁ
403 292 479 380 περὶ
496 296 533 359 τὸ
553 298 581 359 Β
600 293 739 379 κέντρον
761 297 892 380 κύκλος,
915 297 952 361 τὸ
972 292 1009 360 ‹11
1028 294 1198 380 ἐλάχιστον

186 412 253 466 τῶν
287 402 344 466 διὰ
377 411 438 466 τοῦ
467 400 584 480 ἄξονος
613 403 786 488 τριγώνων
817 403 854 468 τὸ
884 406 1003 486 ΑΓΔ,
1037 401 1091 468 καὶ
1120 401 1197 467 θέον

124 515 127 520 ’
186 510 268 573 ἔστω
305 509 360 573 διὰ
389 505 449 573 τοῦ
479 512 546 573 AB
575 506 693 586 ἄξονος
724 508 860 592 ἀγαγεῖν
893 509 1049 576 ἐπίπεδον
1079 519 1197 576 ποιοῦν
1227 480 1229 630 χ

185 619 365 700 τρίγωνον,
393 615 410 680 ὃ
439 618 539 697 λόγον
566 614 629 692 ἕξει
656 617 740 702 ιιρὸς
767 617 804 682 τὸ
828 620 931 681 ΑΓΔ
953 620 1129 703 τρίγωνον,
1157 615 1196 680 ὃν

152 735 168 782 5
187 725 252 806 ἔχει
275 721 295 806 ἡ
318 727 350 786 Ε
371 722 487 787 εὐθεῖα
510 725 628 807 μείζων
651 719 735 788 οὖσα
757 725 841 809 ιιρὸς
863 725 925 807 τὴν
945 728 983 806 Ζ,
1006 725 1051 809 μὴ
1069 727 1196 808 μείζονα

188 831 288 912 λόγον
311 830 392 914 ἤπερ
415 830 452 894 τὸ
476 827 631 913 μέγιστον
653 839 720 895 τών
739 830 795 894 διὰ
813 839 873 894 τοῦ
893 828 1011 908 ἄξονος
1029 832 1195 916 τριγώνων
1230 846 1231 938 χ

187 936 270 1021 πρὸς
292 936 329 999 τὸ
353 935 526 1020 ἐλάχιστον
549 936 586 1000 τὸ
610 939 723 1001 ΑΓΛ.
774 1019 776 1024 Ι

256 1043 287 1106 εί
316 1038 377 1125 μὲν
404 1037 467 1108 οὖν
493 1041 513 1124 ἡ
537 1046 569 1106 Ε
588 1044 671 1127 πρὸς
695 1047 722 1106 Ζ
746 1045 847 1125 λόγον
870 1046 950 1127 ἔχει,
978 1042 1019 1108 ὃν
1046 1045 1082 1110 τὸ
1108 1041 1192 1127 μέγι-
1231 1030 1232 1110 ἄ

189 1164 269 1213 στον
292 1159 359 1213 τῶν
378 1149 434 1213 διὰ
452 1157 512 1213 τοῦ
531 1146 647 1226 ἄξονος
666 1149 839 1236 τριγώνων
856 1151 940 1235 ιιρὸς
961 1151 1000 1216 τὸ
1019 1150 1193 1234 ἐλάχιστον,

137 1269 170 1317 10
190 1255 246 1319 διὰ
273 1263 333 1319 τοῦ
360 1258 389 1319 Β
416 1255 499 1340 πρὸς
521 1255 628 1342 ὀρθὰς
649 1265 689 1341 τῇ
713 1259 778 1321 ΓΔ
802 1255 982 1339 ἀγαγόντες
1005 1257 1138 1322 εὐθεῖαν
1158 1254 1193 1319 έν

189 1370 234 1450 τῷ
262 1362 372 1450 κύκλῳ
400 1359 455 1426 καὶ
484 1362 540 1426 διὰ
567 1371 624 1446 τῆς
652 1362 810 1447 ἀχθείσης
836 1362 892 1427 καὶ
918 1373 977 1428 τοῦ
1006 1362 1121 1442 ἄξονος
1146 1361 1191 1426 ἐκ·
1233 1396 1234 1440 1

189 1471 346 1552 βαλόντες
369 1467 524 1534 ἐπίπεδον
547 1467 661 1552 ἕξομεν
683 1473 848 1554 τρίγωνον
872 1468 1047 1554 ἰσοσκελές,
1071 1469 1088 1535 ὃ
1110 1467 1191 1554 μέγι-

189 1579 269 1642 στόν
297 1575 365 1641 ἐστι
395 1586 462 1640 τών
490 1576 546 1640 διὰ
573 1584 633 1640 τοῦ
661 1573 792 1653 ἄξονος·
823 1585 927 1641 ταῦτα
958 1577 1022 1663 γὰρ
1054 1576 1189 1659 ἐδείχθη·
1234 1580 1235 1590 ’

189 1681 244 1748 καί
278 1681 341 1761 ἄξει
373 1684 456 1768 πρὸς
487 1684 524 1747 τὸ
553 1685 656 1747 ΑΓΛ
688 1685 788 1766 λόγον
820 1684 879 1748 τὸν
906 1692 964 1767 τῆς
993 1688 1026 1748 Ε
1050 1683 1130 1768 πρὸς
1158 1684 1189 1760 Ζ,

137 1802 170 1850 15
189 1787 338 1855 τουτέστι
360 1791 419 1854 τὸν
443 1787 669 1874 ἐπιταχθέντα.

256 1895 353 1980 ἐχέτω
381 1892 418 1960 δὲ
445 1905 510 1961 νῦν
537 1895 557 1979 ἡ
586 1901 617 1960 Ε
644 1897 727 1981 πρὸς
755 1900 782 1960 Ζ
811 1895 968 1961 έίᾶττονα
995 1899 1096 1979 λόγον
1117 1895 1189 1978 ἥπερ
1236 1946 1237 1958 .

189 2004 226 2067 τὸ
262 2001 417 2086 μέγιστον
444 2013 512 2066 τῶν
540 2003 596 2066 διὰ
623 2011 683 2066 τοῦ
711 2000 828 2080 ἄξονος
854 2003 1029 2089 τριγώνων
1054 2002 1134 2086 πρὸς
1158 1999 1189 2062 τὸ

190 2109 376 2193 έλᾶχιστον,
403 2107 458 2174 καὶ
486 2112 610 2174 κείσθω
640 2108 731 2186 ἐκτὸς
758 2109 873 2174 εὐθεῖα
899 2108 919 2192 ἡ
943 2112 1017 2174 ΗΘ
1040 2115 1094 2192 ίση
1116 2103 1189 2173 οὖσα

190 2227 230 2303 τῇ
254 2219 334 2299 ΓΔ,
361 2213 416 2280 καὶ
445 2213 495 2280 ἐπ’
521 2216 622 2298 αὐτῆς
644 2217 681 2280 τὸ
704 2218 815 2280 ΚΗΘ
837 2219 1002 2300 τρίγωνον
1024 2215 1137 2300 ὅμοων
1156 2212 1189 2276 ὃν

138 2337 172 2385 20
190 2333 236 2412 τῷ
260 2326 378 2406 ΑΓΛ,
407 2322 488 2387 ὥστε
519 2320 574 2387 καὶ
602 2323 662 2405 τὴν
690 2325 765 2386 KH
788 2332 828 2407 τῇ
852 2325 1017 2406 ΑΓίσην
1040 2314 1188 2387 εἶναικαὶ

190 2432 297 2496 τιᾶντα
326 2438 441 2513 πᾶσιν,
471 2426 526 2494 καὶ
557 2426 609 2493 εἰιὶ
636 2437 693 2511 τῆς
716 2432 788 2493 ΗΘ
819 2427 1006 2493 συνεστάτω
1039 2433 1187 2513 τρίγωνον

192 2545 268 2620 ίσην
296 2539 371 2621 ἔχον
400 2538 460 2620 τὴν
488 2534 552 2600 ιάιὸ
579 2544 636 2619 τῆς
663 2544 813 2621 κορυφῆς
841 2532 894 2600 εἰιὶ
921 2536 982 2618 τὴν
1010 2535 1188 2618 ὃιχοτομίαν

192 2653 249 2727 τῆς
271 2643 397 2728 βάσεως
419 2652 459 2728 τῇ
478 2645 546 2706 ΚΛ
569 2639 624 2706 καὶ
648 2644 748 2724 λόγον
771 2644 846 2725 ἔχον
866 2641 949 2726 πρὸς
966 2642 1004 2706 τὸ
1023 2643 1136 2722 ΚΗΘ,
1156 2635 1188 2700 ὃν

263 2859 287 2909 2.
313 2858 335 2908 A
342 2854 403 2924 ΓΔ]
423 2858 445 2906 Α
465 2868 544 2906 euan.
565 2868 587 2906 ο.
679 2858 702 2906 6.
727 2850 821 2924 λόγον]
845 2849 877 2906 δέ
895 2849 998 2920 ΗεΠογ
1016 2869 1080 2906 cum
1098 2849 1187 2905 Comm.

229 2943 317 3015 ἥπερ]
341 2950 390 2997 τοῦ
410 2938 444 2996 ὃν
463 2921 511 2980 ‘ff‘
533 2959 560 3009 p.
653 2945 676 2996 ⁷.
700 2942 769 2995 Post
792 2939 935 3012 ἐλάχιστον
959 2939 1013 2994 del.
1037 2938 1086 2994 διὰ
1107 2945 1151 2992 τοῦ
1171 2937 1188 2988 Β

195 3016 266 3084 ιιρὸς
285 3013 376 3083 ὀρθάς
393 3032 430 3068 m.
451 3019 464 3066 1
486 3029 508 3067 ο.
563 3011 594 3066 τὸ
613 3014 702 3083 ΑΓΔ]
722 3029 775 3066 om.
794 3030 821 3081 p.
886 3015 910 3066 8.
931 3011 971 3083 εί]
990 3011 1008 3081 ἡ
1027 3027 1050 3065 ο.
1108 3002 1188 3076 εἰμέν

194 3118 226 3128 -
244 3093 267 3141 9.
284 3083 439 3156 ἐλάχιστον]
459 3083 504 3138 bis
523 3102 550 3153 p,
570 3083 620 3137 sed
639 3099 707 3137 corr.
779 3089 804 3139 8.
824 3081 869 3155 ἄν]
887 3101 915 3153 p,
934 3077 973 3138 ὧν
988 3082 1041 3137 Vc.
1102 3087 1124 3136 9.
1141 3097 1187 3144 τρι-

193 3158 302 3229 γώνων]
322 3173 375 3211 om.
395 3174 418 3211 ο.
505 3160 546 3210 13.
571 3154 639 3226 ἐστι]
659 3153 735 3208 ἔσται
752 3172 779 3223 p.
866 3160 908 3208 14.
934 3155 973 3226 Ε]
994 3156 1048 3207 ΕΖ
1066 3171 1092 3222 p.
1161 3148 1186 3217 Z]

192 3230 244 3299 τὴν
266 3233 331 3297 Zp.
405 3233 446 3282 16.
466 3223 497 3281 <11
516 3227 580 3297 νῦν]
600 3243 697 3295 om.p‚
717 3242 870 3294 suprascr.
891 3224 935 3293 δή.
1011 3225 1043 3296 Ζ]
1062 3223 1112 3293 τὴν
1131 3224 1186 3288 Zp.

230 3307 271 3354 18.
290 3295 339 3354 καί
361 3331 390 3340 -
412 3297 500 3369 ἐκτός]
521 3294 656 3352 ἐκκείσθω
675 3315 702 3366 p.
762 3297 875 3368 εὐθεῖα]
896 3293 996 3351 εὐθεῖά
1013 3316 1055 3358 τις
1071 3312 1098 3364 p.
1152 3295 1185 3344 20·

193 3369 256 3440 τήν]
276 3385 291 3424 e
309 3386 378 3424 corr.
397 3387 423 3437 p.
485 3370 558 3438 KH]
577 3384 652 3435 vop,
673 3371 702 3420 H
719 3367 808 3436 suppl.
823 3386 859 3421 m.
875 3383 928 3422 rec.
944 3367 976 3422 V.
1041 3372 1083 3421 21.
1102 3360 1184 3429 πᾶσιν]

194 3447 264 3561 πᾶχιχ
280 3457 335 3579 μό]
362 3443 392 3529 Η
396 3441 432 3508 Θ]
453 3441 512 3493 ΗΘ
531 3438 596 3492 ἄλλο
614 3434 750 3506 τρίγωνον
767 3456 794 3506 p.
850 3436 997 3508 τρίγωνον]
1015 3437 1046 3491 τὸ
1062 3436 1149 3490 ΜΗΘ
1164 3449 1185 3500 p.

267 3529 307 3562 ,τ
352 3528 404 3576 την
422 3527 449 3576 p.
