2488 3938
158 189 213 262 Ι92
442 189 530 239 ΠΕΡΙ
547 188 762 240 ΚνλΙΝΔΡον
780 187 917 240 ΤοιιΗΣ.

170 333 379 408 πεπονθυίας
408 329 522 416 μέντοι
553 333 611 408 τδις
640 327 838 417 διαμέτρους
865 333 987 416 ἔχουσα
1015 343 1086 406 ταῖς
1112 330 1172 393 δια-

170 436 310 522 μέτροις.
1021 439 1025 443 ’

238 561 296 628 ἐὰν
319 563 382 648 γὰρ
406 561 459 628 έιιὶ
482 572 539 646 τῆς
561 571 621 627 τοῦ
645 562 829 648 κυλίνδρου
852 570 1066 649 καταγραφῆς
1088 583 1173 626 κατα·

172 669 397 754 σκευάσωμεν,
425 669 470 746 ὡς
496 671 533 734 τὸ
562 668 625 734 ἀπὸ
653 679 711 753 τῆς
737 672 807 734 ΕΓ
828 668 848 753 ἢ
876 677 934 753 τῆς
958 673 1021 734 ΓΖ
1043 669 1123 754 πρὸς
1142 668 1172 730 τὸ

135 775 234 840 οίαιὸ
258 784 316 859 τῆς
339 779 410 860 ΓΑ,
434 776 540 852 οὕτως
562 777 599 840 τὸ
623 775 686 840 ἀπὸ
710 785 768 860 τῆς
792 779 852 841 ΓΑ
874 777 957 863 πρὸς
980 776 1018 840 τὸ
1041 775 1104 840 ἀπὸ
1125 781 1174 856 τῆς

170 888 203 947 Α
210 886 239 946 Θ
265 881 286 966 ἢ
314 891 372 966 τῆς
399 886 479 967 ΓΚ,
502 884 687 966 γενήσεται,
716 883 760 959 ὡς
787 884 824 946 τὸ
853 881 916 947 νἰκὸ
942 880 1096 968 ἑκατέρας
1117 891 1174 945 τῶν

171 992 251 1072 ΕΓ,
276 991 337 1053 ΓΖ
364 991 447 1074 πρὸς
470 991 507 1054 τὸ
531 988 593 1054 ἀπὸ
617 997 675 1073 τῆς
698 993 777 1073 ΓΑ,
800 987 970 1054 τουτέστιν
994 989 1040 1065 ὡς
1061 989 1097 1053 τὸ
1120 986 1172 1052 ἀτὸ

170 1103 229 1178 τῆς
260 1093 438 1181 διαμέτρου
473 1107 541 1160 τῶν
574 1096 699 1180 ὁμοίων
729 1095 906 1173 ἐλλείψεων
935 1107 1002 1162 τῶν
1032 1095 1095 1161 ἀπὸ
1123 1103 1174 1159 τοῦ
1224 1103 1229 1110 “

172 1201 276 1266 αὐτοῦ
308 1199 430 1287 μέρους
460 1201 613 1286 ἡμμένων
647 1203 730 1288 πρὸς
761 1203 798 1268 τὸ
836 1201 899 1267 ἀπὸ
936 1211 995 1286 τῆς
1031 1198 1174 1286 δευτέρας
1229 1240 1230 1314 ρ

120 1323 153 1372 10
172 1310 336 1391 συζυγοῦς
363 1307 555 1394 διαμέτρου,
583 1309 688 1384 οὕτως
715 1310 752 1374 τὸ
781 1308 844 1374 ἀπὸ
872 1319 930 1393 τῆς
955 1312 1022 1374 ΓΑ
1043 1311 1123 1396 πρὸς
1142 1308 1173 1372 τὸ
1229 1335 1230 1364 2

172 1414 236 1479 ἀπὸ
260 1411 414 1500 ἑκατέρας
435 1427 502 1480 τῶν
525 1420 608 1499 ΑΘ,
633 1419 711 1499 ΓΚ,
739 1415 909 1481 τουτέστιν
933 1416 1039 1493 οὕτως
1061 1418 1097 1481 τὸ
1119 1414 1173 1480 οάιὸ

171 1529 229 1605 τῆς
264 1520 420 1608 δευτέρας
452 1521 629 1608 διαμέτρου
657 1533 725 1586 τῶν
756 1521 819 1587 ἀπὸ
852 1534 920 1587 τῶν
952 1521 1174 1607 ἀντικειμένων

171 1627 324 1713 ἡμμένων
347 1629 472 1713 ὁμοίων
495 1628 672 1714 ἐλλείψεων
695 1630 778 1715 πρὸς
799 1630 837 1695 τὸ
860 1629 925 1694 ιἰκὸ
948 1638 1007 1714 τῆς
1025 1633 1173 1712 συζυγοῦς

172 1735 364 1821 διαμέτρου·
398 1736 443 1812 ὡς
470 1738 534 1822 ἄρα
561 1745 619 1819 τῆς
647 1734 758 1822 ἑτέρας
785 1739 946 1819 συζυγίας.
968 1736 988 1820 ἡ
1013 1737 1174 1821 διάμετρος

119 1857 152 1907 15
171 1844 255 1928 πρὸς
277 1843 338 1926 τὴν
361 1841 521 1928 δευτέραν
545 1843 732 1928 διάμετρον,
755 1843 861 1920 οὕτως
883 1852 940 1927 τῆς
960 1841 1071 1929 ἑτέρας
1089 1845 1174 1920 συζυ-

171 1952 245 2032 νίας
267 1948 287 2031 ἡ
312 1947 450 2035 δευτέρα
473 1949 647 2036 διοίμετρος
668 1951 751 2037 πρὸς
773 1951 835 2034 τὴν
857 1951 1044 2037 διάμετρον.

236 2069 308 2137 Ἐπὶ
332 2069 368 2136 δέ
391 2081 451 2137 τοῦ
474 2075 595 2157 κώνου,
620 2073 678 2138 έδιν
700 2073 801 2140 πάλιν
819 2075 1120 2159 κατασκευάσωμεν,
1137 2073 1175 2146 ὡς
1233 2069 1234 2076 '

171 2179 232 2262 τὴν
260 2183 332 2243 ΗΑ
359 2180 442 2265 πρὸς
469 2182 552 2263 ΑΚ,
581 2180 686 2256 οὕτως
715 2182 776 2264 τὴν
803 2186 879 2246 ΑΠ
901 2182 984 2266 πρὸς
1014 2183 1075 2266 τὴν
1102 2181 1174 2259 ΠΣ,

172 2289 277 2370 ἔσται,
305 2286 350 2363 ὡς
377 2285 397 2370 ἡ
425 2289 498 2350 ΑΚ
521 2288 604 2372 πρὸς
631 2289 692 2372 τὴν
719 2290 805 2371 ΚΗ,
833 2288 938 2363 οὕτως
965 2287 986 2372 ἡ
1009 2292 1084 2353 ΠΣ
1101 2286 1174 2370 πρὸς

118 2407 152 2454 20
171 2395 232 2479 τὴν
256 2399 340 2478 ΣΑ,
368 2389 538 2458 τουτέστιν
564 2393 609 2470 ὡς
631 2394 668 2459 τὸ
691 2393 755 2459 ἀπὸ
778 2403 835 2477 τῆς
858 2397 935 2458 ΑΚ
954 2395 1038 2480 πρὸς
1060 2395 1096 2459 τὸ
1117 2391 1173 2457 ὑπὸ

171 2514 238 2567 τῶν
261 2504 344 2584 HK,
368 2503 451 2584 ΚΑ,
480 2500 585 2578 οὕτως
607 2502 644 2565 τὸ
667 2499 732 2565 ὑτὸ
756 2511 823 2565 τῶν
846 2505 927 2584 ΠΣ,
951 2507 1022 2566 ΣΑ
1043 2503 1122 2589 πρὸς
1142 2499 1174 2562 τὸ

172 2607 235 2673 ἀπὸ
264 2616 322 2690 τῆς
345 2611 423 2671 ΑΣ.
469 2605 541 2671 ἀλλ’
568 2607 612 2684 ὡς
639 2603 699 2691 μὲν
722 2608 759 2671 τὸ
783 2607 847 2672 ἀπὸ
870 2617 928 2691 τῆς
950 2611 1024 2672 ΑΚ
1043 2611 1124 2695 πρὸς
1142 2606 1173 2669 τὸ

171 2713 236 2777 ὑπὸ
264 2724 332 2777 τῶν
358 2715 445 2796 ΗΚ,
469 2716 552 2797 ΚΑ,
579 2713 729 2778 τουτέστι
756 2716 839 2799 πρὸς
865 2716 902 2779 τὸ
930 2713 995 2780 ὑπὸ
1019 2727 1087 2780 τῶν
1108 2714 1174 2785 ΒΚ,

172 2821 247 2901 ΚΓ,
270 2819 376 2894 οὕτως
398 2820 435 2884 τὸ
459 2819 522 2885 ιἰπὸ
546 2829 603 2903 τῆς
627 2818 803 2907 διαμέτρου
827 2831 894 2885 τῶν
920 2821 984 2886 ἀπὸ
1002 2831 1063 2886 τοῦ
1081 2820 1173 2886 αὐτοῦ

172 2981 385 2990 .——----.

245 3089 268 3137 1.
290 3080 402 3154 ἔχοντα]
424 3080 536 3153 ἔχουσαι
554 3101 580 3152 p.
654 3089 678 3137 3.
699 3082 762 3155 ἐάν]
781 3082 831 3139 ·οίν
850 3101 969 3150 εοεαε.
1043 3091 1067 3140 5.
1088 3081 1174 3150 οὕτως]

173 3152 281 3209 οὗτοι.
339 3151 815 3237 οὕτως-6.ΛΘ]ἰωε.1ωτοε.ρ.
873 3163 896 3210 6,
917 3153 1060 3282 έκατέραρ]
1075 3154 1173 3220 Hauey,

172 3223 311 3294 ἑκατέρων
329 3225 406 3294 ch.
481 3231 522 3279 12.
542 3234 597 3280 τῶν
615 3225 684 3298 ἀπό]
705 3226 812 3296 εοτίμει,
833 3244 885 3282 om.
897 3227 978 3297 ch,
998 3228 1039 3282 ἀπ
1074 3225 1172 3292 Hauey.

207 3294 419 3368 ἀντικειμένων]
438 3294 636 3365 ἀντικειμένως
653 3315 680 3366 p.
755 3302 796 3354 17.
815 3299 877 3370 τοῦ]
897 3315 947 3368 ομ,
968 3315 1021 3353 om.
1036 3299 1069 3354 V.
1138 3298 1173 3348 18.

171 3368 241 3439 ΑΚ]
260 3367 312 3436 τὴν
330 3371 428 3435 λΚρ.
502 3365 641 3428 οὕτως-
661 3367 741 3440 πρός]
761 3385 841 3425 enan.
860 3387 888 3438 p.
969 3373 1010 3426 19,
1031 3369 1172 3439 έοται]ομ,

174 3450 257 3538 1¹}v,
287 3470 353 3526 ἔστω
371 3490 396 3525 v.
482 3477 525 3526 20.
549 3471 682 3544 16(a1t.)]
702 3491 770 3528 corr.
791 3492 825 3528 ex
842 3479 880 3547 τῷ
898 3494 934 3531 m.
955 3483 969 3529 1
989 3493 1012 3530 ο.
1084 3473 1132 3528 Hie
1149 3471 1173 3522 et

172 3539 203 3591 in
223 3556 297 3606 seqq.
318 3541 457 3606 quaedam
475 3558 555 3595 euan.
574 3561 601 3610 p.
675 3551 717 3599 22.
736 3547 805 3616 ΑΣ]
826 3549 877 3600 ΣΑ
895 3564 921 3615 p.
