2504 3928
168 160 235 223 210
484 161 572 212 ΠΕΡΙ
589 159 718 212 ΚΩΝΟΤ
735 160 872 212 ΤΟΜΗΣ.

237 301 306 368 ἐπεὶ
331 304 535 389 παράλληλοι
562 300 622 387 μὲν
645 304 683 368 αί
703 306 780 386 ΒΓ,
804 307 871 367 ΔΖ
894 300 950 368 καλ
972 303 1055 389 πρὸς
1077 303 1183 390 ὀρθὰς
1230 299 1231 334 ³

169 421 208 496 τῇ
237 414 315 493 ΒΖ,
342 409 404 474 οὐκ
431 409 575 476 ἐλάττων
602 405 639 474 δὲ
664 409 684 492 ἡ
712 413 779 474 ΔΖ
806 418 864 494 τῆς
888 412 965 493 ΓΒ,
987 408 1009 492 ἡ
1032 411 1095 494 άρα
1117 409 1182 473 ὑπὸ
1231 438 1232 478 ι

169 520 272 582 ΔΓΒ
295 519 400 599 γωνία
424 517 484 582 οὐκ
507 515 652 582 ἐλάττων
675 513 765 581 ἐστὶν
788 515 906 602 ὀρθῆς·
934 517 1054 600 μείζων
1075 514 1182 601 άραὴ

170 630 240 688 ΑΔ
267 633 325 706 τῆς
352 626 425 687 ΑΓ.
471 621 526 687 καὶ
554 620 623 688 ἐπεὶ
651 623 687 687 τὸ
716 625 821 687 ΑΒΓ
844 622 1057 709 ὀρθογώνιόν
1083 621 1183 704 ἐστιν,
1232 653 1233 680 ι

134 730 206 796 σίν
233 730 414 817 ἡμικυκλίῳ
443 731 507 815 άρα
535 729 639 813 ἐστίν,
668 725 708 794 οὗ
736 729 910 816 διάμετρος
937 731 958 814 ἡ
986 732 1066 794 ΑΓ·
1092 751 1181 813 περι-

169 833 298 923 γραφὲν
330 838 394 920 άρα
421 837 458 902 τὸ
485 836 681 921 ἡμικύκλιον
708 847 799 921 τεμεί
823 838 885 920 τὴν
912 842 992 901 ΑΔ.
1043 834 1180 921 τεμνέτω

170 945 211 1028 δὴ
236 943 378 1008 κατὰτὸ
404 948 446 1028 Β,
472 941 528 1008 καὶ
552 943 735 1026 ἐπεζεύχθω
759 941 779 1025 ἡ
802 947 880 1008 ΕΒ·
910 949 964 1026 ίση
987 944 1054 1029 άρα
1075 942 1095 1026 ἡ
1116 943 1179 1008 ὑπὸ

170 1055 271 1115 ΑΕΒ
299 1061 339 1136 τῇ
366 1049 431 1116 ὑπὸ
459 1053 568 1123 ΑΓΒ.
617 1049 701 1114 άλλά
728 1048 748 1132 ἡ
772 1049 837 1115 ὑπὸ
861 1054 962 1115 AER
985 1053 1104 1135 μειζων
1124 1058 1180 1132 τῆς

169 1157 234 1221 ὑπὸ
267 1160 385 1221 ΑΔΒ·
417 1155 473 1222 καὶ
504 1155 524 1240 ἡ
556 1156 621 1222 ὑπὸ
652 1159 751 1221 ΑΓΒ
782 1158 847 1240 άρα
875 1159 995 1241 μείζων
1027 1155 1097 1222 ἐστὶ
1124 1165 1179 1238 τῆς

117 1278 151 1325 10
169 1263 235 1328 ὑπὸ
259 1267 370 1328 ΑΔΒ.
1235 1300 1236 1352 l

644 1422 707 1505 λη’.

243 1551 317 1612 Τῶν
340 1547 450 1612 αὐτῶν
473 1549 581 1612 ὀντων
605 1547 663 1614 ἐάν
685 1557 745 1612 τοῦ
768 1548 981 1633 ὀρθογωνίου
1004 1545 1024 1630 ἡ
1043 1549 1124 1632 πρὸς
1140 1555 1177 1629 τῇ
1236 1516 1237 1584 ὀ

170 1662 301 1740 κορυφῇ
320 1657 425 1736 γωνία
439 1656 482 1738 μὴ
497 1657 616 1739 μείζων
629 1649 651 1742 ᾖ
665 1664 722 1739 τῆς
735 1653 967 1740 περιεχομένης
981 1657 1103 1737 γωνίας
1115 1652 1176 1717 ὑπό

170 1784 204 1826 τε
228 1771 285 1846 τῆς
307 1762 366 1838 τάς
388 1762 538 1847 κορυφὰς
556 1771 624 1827 τῶν
642 1762 815 1847 τριγώνων
834 1761 1108 1844 ἐπιζευγνυούσης
1124 1757 1176 1824 καὶ
1237 1732 1238 1798 ὀ

119 1884 151 1932 15
171 1875 228 1950 τῆς
250 1868 334 1952 πρὸς
352 1867 511 1952 ἀμβλεῖαν
530 1877 569 1953 τῇ
587 1866 693 1952 βάσει,
715 1867 736 1951 ἡ
755 1870 816 1952 τὴν
835 1868 944 1954 ὀρθὴν
962 1868 1176 1933 ὑποτείνουσα

170 1982 230 2037 τοῦ
250 1972 460 2058 ὀρθογωνίου
479 1976 605 2060 πλευρά
628 1976 710 2062 πρὸς
728 1976 789 2058 τὴν
806 1975 889 2060 πρὸς
907 1975 1015 2058 ὀρθὰς
1032 1984 1071 2060 τῇ
1088 1973 1177 2057 βάσει
1238 1947 1239 2016 ὀ

171 2080 329 2145 ἐλάττονα
352 2083 453 2163 λόγον
475 2084 540 2164 ἔχει
562 2082 644 2166 ἥπερ
668 2090 727 2145 τοῦ
751 2080 986 2165 άμβλυγωνίου
1008 2079 1029 2164 ἡ
1048 2083 1108 2165 τὴν
1125 2079 1177 2163 άμ·

170 2190 285 2270 βλεῐαυ
308 2186 528 2251 ὑποτείνουσα
550 2189 634 2271 πρὸς
651 2190 712 2272 τὴν
729 2188 813 2273 πρὸς
836 2186 995 2271 ἀμβλεῖαν
1017 2196 1057 2271 τῇ
1079 2185 1176 2270 βάσει.

237 2293 501 2377 καταγεγράφθω
530 2295 570 2358 τά
593 2294 677 2358 αὐτά
699 2298 859 2380 τρίγωνα,
884 2291 940 2357 καὶ
968 2296 1050 2358 ἔστω
1074 2292 1094 2376 ἡ
1116 2291 1175 2356 ὑπὸ

117 2417 152 2466 20
170 2405 269 2467 ΑΓΒ
299 2403 343 2487 μὴ
373 2404 491 2485 μείζων
520 2410 578 2485 τῆς
607 2401 672 2466 ὑπὸ
704 2404 813 2466 ΓΔΒ.
865 2398 963 2485 λέγω,
991 2400 1042 2465 ὅτι
1069 2398 1090 2482 ἡ
1117 2398 1181 2462 ΑΓ

170 2509 254 2594 πρὸς
277 2511 338 2573 ΓΒ
367 2506 524 2572 ἐλάττονα
549 2511 650 2589 λόγον
673 2510 738 2591 ἔχει
760 2508 842 2593 ἥπερ
865 2505 886 2589 ἡ
909 2511 979 2571 ΑΔ
1001 2507 1085 2592 πρὸς
1106 2507 1174 2570 ΔΒ.

239 2611 307 2678 ἐπεὶ
330 2617 448 2697 μείζων
471 2611 561 2679 ἐστὶν
584 2613 604 2696 ἡ
627 2611 688 2698 μὲν
706 2614 770 2679 ὑπὸ
789 2616 889 2678 ΑΓΒ
908 2622 966 2697 τῆς
983 2612 1049 2677 ὑπὸ
1067 2614 1174 2691 ΑΔΒ,

172 2720 216 2795 ὡς
235 2719 380 2803 ἐδείχθη,
400 2718 420 2801 ἡ
440 2716 477 2783 δὲ
494 2719 559 2784 ὑπὸ
580 2723 678 2785 ΓΑΒ
697 2730 755 2805 τῆς
773 2720 838 2785 ὑπὸ
856 2723 975 2802 ΔΑΒ,
995 2717 1173 2784 συνεστάτω

170 2834 209 2911 τῇ
233 2820 293 2908 μὲν
315 2823 380 2890 ὑπὸ
400 2829 499 2890 ΑΓΒ
524 2833 578 2910 ἴση
601 2826 621 2910 ἡ
644 2827 709 2892 ὑπὸ
728 2831 853 2910 ΑΔΗ,
876 2835 916 2911 τῇ
940 2823 978 2890 δὲ
999 2826 1064 2891 ὑπὸ
1085 2825 1173 2890 ΓΑΒ

115 2931 191 3015 ε’σὴ
222 2930 287 2995 ὑπὸ
320 2936 447 2996 ΔΑΗ·
481 2933 639 3015 ἰσογώνια
668 2934 733 3019 άρα
763 2930 831 2997 ἐστὶ
861 2932 901 2996 τὰ
930 2935 1045 3015 ΑΓΒ,
1073 2930 1177 2996 ΑΔΗ

243 3168 267 3217 1.
292 3158 360 3234 με’ν]
379 3159 430 3232 μέν
450 3161 565 3231 simp.
656 3162 726 3232 ΔΖ]
752 3165 804 3215 ΖΔ
822 3179 849 3230 p.
940 3161 1175 3231 mmm

171 3232 282 3302 Halley.
370 3239 392 3287 7.
413 3231 465 3303 δή]
485 3249 537 3288 om.
557 3251 584 3301 p.
672 3238 696 3285 8.
719 3229 829 3303 μείζων]
848 3233 948 3300 μειῒων
967 3228 1023 3285 ἐστί
1041 3249 1068 3300 p.
1139 3233 1174 3282 13.

172 3302 647 3438 ίλλιλίλθάῗέἰέἓῗέηωὲὶ
662 3320 698 3426 ῗ·
718 3302 788 3426 Ἶι·
813 3374 832 3426 ι
853 3299 1175 3444 ρίλιίπίῖίγίβίὲὀί

170 3443 228 3500 vv,
266 3394 343 3499 για.
367 3416 464 3515 καί]
487 3462 562 3513 vop,
590 3416 814 3498 &orfidum
833 3374 961 3499 Qu).
1025 3394 1173 3568 Τὀεχμ

173 3516 255 3566 ΓΒΔ
274 3513 355 3583 ch,
377 3530 446 3568 corr.
461 3515 577 3569 m.2V.
629 3520 670 3572 21.
692 3515 754 3586 ΓΒ]
773 3516 803 3570 τὸ
819 3520 869 3569 ΓΒ
887 3533 915 3584 p.
965 3521 1007 3570 22.
1028 3511 1103 3586 ἐπεί]
1135 3511 1174 3566 πελ
