2592 3932
435 173 485 224 na
504 173 680 226 sncrrous
700 176 794 228 cour.
1052 175 1118 240 239

93 314 196 379 basis
231 319 340 379 autem
372 313 511 380 circulus
545 315 665 382 circum
695 319 724 381 Β
754 321 901 382 centrum
930 320 1119 405 descriptus,

93 421 173 486 axis
208 426 316 486 autom
339 427 371 486 A
377 426 419 506 B,
447 427 480 487 et
508 423 547 488 ad
573 423 707 506 planum
734 423 822 490 basis
845 426 1119 509 perpendicularis

92 530 184 612 ΛΓ,
211 531 243 592 et
265 549 323 612 per
342 531 375 592 Γ
391 534 601 614 centrumque
619 535 648 595 B
666 531 863 615 producatur
881 536 970 596 recta
989 536 1119 619 ΓΛΒΕ,

92 634 138 698 ad
166 656 269 718 quam
291 635 564 720 perpendicularis
589 637 632 701 rit
657 641 771 717 ZBH3
799 637 1037 723 triangulorum
1059 639 1119 725 igi-

775 810 777 814 ,
878 749 932 808 tur
948 767 1005 829 per
1024 768 1116 810 axem

913 852 1084 917 ductorum

876 958 1036 1024 maximus
1047 958 1117 1044 erit,

876 1069 914 1128 ut
942 1087 1035 1149 saepe
1066 1066 1117 1129 de-

890 1175 1107 1236 monstratum

875 1281 925 1341 est
981 1277 1115 1362 [propp.

876 1382 1118 1470 XXH,XX1V],

872 1489 1116 1577 ouinshasisJest

874 1598 950 1678 ΖΗ,
973 1595 1113 1660 altitudo

875 1704 984 1766 autern
1032 1707 1101 1766 AB
1107 1755 1117 1788 ‚

916 1807 1068 1874 minimus

874 1935 971 2000 uero,
1024 1914 1115 1980 cuius

875 2021 963 2086 basis
978 2026 1027 2086 est
1040 2027 1116 2108 EA,

876 2127 1013 2192 altitudo
1058 2151 1115 2192 au-

914 2238 981 2298 tem
1005 2239 1037 2298 A
1044 2237 1076 2298 Γ

876 2337 1113 2423 [ΡτορΧΧΙῊ.

100 2443 170 2510 iam
188 2466 268 2510 uero
287 2446 381 2510 datus
397 2444 579 2530 triangulus
596 2467 653 2529 per
667 2467 760 2512 axem
776 2448 890 2511 ductus
906 2445 949 2510 sit
966 2445 1004 2528 is,
1024 2445 1115 2510 cuius

101 2551 192 2616 basis
208 2551 253 2616 sit
268 2555 341 2635 ΘΚ,
360 2550 498 2616 altitudo
513 2555 622 2618 autem
636 2558 668 2617 A
674 2556 714 2638 Λ,
734 2556 767 2618 et
782 2556 931 2637 oporteat
945 2551 1045 2618 alium
1060 2552 1116 2616 tri-

103 2658 263 2744 angulum
276 2679 335 2742 per
349 2680 442 2722 axem
456 2659 588 2724 ductum
602 2658 759 2745 inuenire,
777 2658 832 2744 qui
848 2681 911 2723 una
925 2679 997 2723 cum
1016 2657 1115 2724 trian-

103 2765 193 2850 gulo,
213 2764 303 2830 cuius
322 2765 409 2828 basis
429 2769 479 2828 est
500 2768 573 2848 ΘΚ,
592 2764 731 2832 altitudo
750 2771 856 2832 autern
874 2773 907 2831 A
913 2770 953 2849 A,
971 2765 1115 2848 aequalis

104 2871 148 2935 sit
172 2869 269 2934 simul
292 2870 433 2935 maximo
457 2871 664 2955 minimoque.

170 2975 324 3060 quoniam
354 2982 386 3041 A
393 2980 424 3040 A
453 2978 493 3041 ad
525 2980 594 3040 ΘΚ
619 2977 724 3042 basim
753 2978 1026 3061 perpendicularis
1055 2982 1114 3060 est,

11 3110 15 3146 a
102 3087 260 3170 punctum
280 3086 312 3147 Λ
333 3083 369 3145 in
392 3083 519 3148 ambitu
542 3082 653 3148 circuli
677 3086 736 3166 est,
759 3082 850 3148 cuius
870 3083 1046 3148 diametrus
1065 3087 1115 3148 est

103 3193 176 3274 BF,
198 3194 332 3274 propter
354 3189 405 3274 id,·
427 3189 513 3274 quod
537 3193 632 3253 antea
656 3188 913 3253 demonstratum
936 3193 986 3254 est
1010 3189 1114 3273 [prop.

103 3295 215 3380 XLV}
279 3295 480 3360 describatur
519 3295 623 3382 igitur
664 3294 803 3360 circulus
845 3299 911 3360 BA
917 3299 956 3378 F,
997 3299 1030 3359 et
1072 3295 1115 3360 sit

104 3408 145 3468 M
155 3433 198 3456 =
213 3406 280 3466 BA
297 3404 334 3482 -Ι-
351 3405 471 3467 As÷
486 3408 518 3467 A
524 3406 562 3466 A.
601 3401 753 3486 quoniam
771 3401 874 3488 igitur
892 3406 1053 3466 rectarum
1073 3402 1113 3465 ab

103 3515 134 3574 A
172 3510 212 3574 ad
248 3508 405 3576 ambitum
442 3513 547 3574 ΒΑΓ
573 3511 742 3575 ductarum
780 3510 921 3576 maxima
953 3515 1003 3574 est
1035 3513 1115 3595 AB,
