2504 3928
164 145 228 208 136
473 148 560 198 ΠΕΡΙ
578 146 706 198 mm*
725 147 861 200 ΤοΜΗΣ.

162 289 332 355 ὑπόκειται
351 291 413 374 γὰρ
432 291 469 355 τὸ
487 297 519 354 A
525 293 585 355 ΓΔ
604 288 758 374 μέγιστον
777 285 871 354 εἶναι.
910 291 971 355 οὐκ
990 292 1054 374 ώρα
1075 289 1097 372 ἡ
1115 293 1181 353 ΑΒ

164 396 312 461 ἐλάσσων
337 394 405 461 έστλ
428 405 486 479 τῆς
510 396 544 460 ἐκ
567 405 627 460 τοῦ
649 395 799 481 κέντρου.
1231 436 1232 474 χ

644 573 692 640 θ’.

228 684 349 746 Κώνον
372 680 493 766 ὀρθόν,
522 677 562 746 οὗ
591 680 608 746 ὁ
632 679 720 759 ἄξων
748 682 809 746 οὔκ
832 681 922 746 ἐστιν
946 680 1095 746 έλώττωυ
1124 689 1181 762 τῆς
1232 659 1233 668 ¹

127 787 198 858 εέκ
220 797 281 852 τοῦ
303 787 442 870 κέντρου
470 797 528 870 τῆς
549 787 691 870 βάσεως,
718 798 827 871 τεμεῖν
855 788 912 852 διδ
939 797 998 871 τῆς
1024 796 1180 872 κορυφῆς
1233 868 1234 882 ¹

162 893 303 986 ἐπιπέδῳ
322 903 475 959 ποιοῦντι
493 898 659 979 τρίγωνον
678 896 779 976 λόγον
798 896 874 977 έχον
893 893 1078 978 δεδομένον
1097 895 1179 976 πρὸς
1233 897 1234 904 ’

161 1003 198 1066 τὸ
226 1002 282 1066 διὰ
309 1010 368 1065 τοῦ
394 1000 511 1078 ἄξονος
538 1003 710 1084 τρίγωνον.
765 1000 819 1064 δεῖ
846 1001 887 1083 δὴ
911 1001 970 1065 τὸν
994 1001 1176 1084 διδόμενον

161 1112 262 1192 λόγον
285 1107 458 1183 έλώττονος
480 1103 565 1172 εἶναι
587 1109 671 1193 πρὸς
692 1110 811 1191 μεῖζον.
1234 1083 1235 1110 ¹

227 1216 309 1278 ἔστω
327 1216 459 1300 κορυφὴ
477 1211 537 1298 μὲν
556 1223 616 1279 τοῦ
634 1215 744 1279 κώνου
763 1215 800 1279 τὸ
819 1220 862 1297 Α,
884 1212 982 1297 βάσις
1001 1211 1039 1278 δέ
1060 1214 1079 1279 ὁ
1099 1211 1173 1296 περὶ

109 1342 142 1390 10
162 1321 199 1384 τὸ
219 1324 247 1384 Β
270 1319 408 1406 κέντρον
431 1322 561 1404 κύκλος,
584 1323 621 1386 τὸ
645 1318 682 1385 δέ
705 1322 761 1386 διδ
784 1330 845 1385 τοῦ
868 1319 985 1398 ἄξονος
1008 1325 1177 1406 τρίγωνον

160 1427 197 1490 τὸ
217 1432 249 1490 Α
256 1429 325 1509 ΓΔ,
348 1425 385 1492 ἐν
403 1420 430 1516 ᾦ
448 1428 588 1505 κώθετος
606 1428 626 1511 ἡ
645 1435 677 1492 A
683 1431 711 1492 Β
735 1426 812 1492 έστι.
849 1429 902 1492 δεῖ
922 1429 964 1511 δὴ
985 1429 1047 1493 τὸν
1066 1438 1175 1492 κῶνον

160 1544 269 1616 τεμεῖν
292 1535 458 1621 τριγώνῳ,
481 1533 499 1598 ὃ
523 1537 624 1617 λόγον
647 1531 710 1612 ἕξει
733 1535 815 1620 πρὸς
838 1536 875 1599 τὸ
899 1541 931 1598 A
937 1537 998 1598 ΓΔ
1022 1536 1085 1598 τὸν
1109 1531 1172 1597 ἐπι·

160 1638 338 1724 ταχθέντα·
376 1639 577 1724 ἐπιτετάχθαι
610 1637 647 1704 δὲ
679 1639 697 1703 ὁ
730 1649 788 1723 τῆς
819 1642 854 1703 Κ
884 1639 1061 1715 έλώττονος
1093 1639 1174 1723 πρὸς

159 1751 292 1831 μείζονα
314 1748 377 1830 τὴν
400 1750 431 1810 Λ
453 1749 560 1828 λόγος.

108 1876 140 1924 15
227 1851 296 1918 έπελ
323 1855 360 1918 τὸ
388 1859 421 1917 Α
427 1857 493 1917 ΒΔ
526 1851 737 1939 ὀρθογώνιον
764 1852 853 1940 Ιε’στι,
886 1854 1071 1939 γεγράφθω
1101 1847 1172 1934 περὶ

159 1960 240 2025 αὐτὸ
264 1958 469 2043 ἡμικύκλιον,
493 1958 548 2023 καὶ
571 1959 635 2024 ιἰπὸ
654 1968 714 2025 τοῦ
733 1964 762 2023 Β
785 1960 926 2036 κάθετος
943 1961 1038 2044 ἤχθω
1060 1958 1080 2042 ἡ
1102 1960 1171 2034 ΒΕ,

159 2065 214 2131 καὶ
237 2067 282 2142 ώς
305 2065 380 2149 ij
398 2067 481 2150 πρὸς
500 2070 540 2147 Α,
564 2066 670 2142 οὕτως
692 2068 774 2130 ἔστω
793 2066 813 2150 ἡ
834 2069 898 2130 ΖΕ
919 2067 1001 2152 πρὸς
1019 2070 1097 2148 ΕΒ,
1120 2059 1171 2127 καὶ

160 2174 216 2237 διὰ
244 2181 304 2239 τοῦ
329 2177 357 2236 Ζ
383 2173 592 2257 παράλληλος
619 2174 713 2257 ἤχθω
740 2181 778 2257 τῇ
802 2176 869 2236 ΕΔ
895 2171 916 2255 ἡ
942 2176 1023 2255 ΖΗ,
1056 2163 1169 2237 διὰδὲ

159 2288 219 2344 τοῦ
247 2283 287 2343 Η
313 2288 353 2363 τῇ
383 2284 447 2343 ΖΕ
477 2280 686 2365 παράλληλος
715 2280 735 2364 ἡ
763 2283 846 2344 ΗΘ·
881 2285 934 2362 ἴση
967 2281 1031 2365 ἄρα
1059 2279 1082 2362 ἡ
1111 2261 1172 2341 ΖΕ

106 2407 139 2455 20
158 2397 198 2472 τῇ
226 2390 305 2450 ΗΘ.
352 2383 421 2450 ἐπεὶ
449 2381 525 2469 οὖν,
553 2386 598 2461 ώς
627 2385 647 2469 ἡ
676 2388 710 2449 Κ
735 2387 818 2471 πρὸς
846 2390 891 2470 A,
927 2385 1033 2462 οὕτως
1060 2385 1081 2468 ἡ
1111 2384 1170 2447 ΖΕ

158 2495 241 2579 πρὸς
264 2497 342 2576 ΕΒ,
370 2490 540 2558 τουτέστιν
566 2491 586 2575 ἡ
613 2497 685 2558 ΘΗ
707 2493 790 2578 πρὸς
814 2497 891 2575 ΒΕ,
920 2493 964 2568 ώς
991 2489 1028 2556 δὲ
1055 2491 1076 2574 ἡ
1103 2488 1170 2553 ΘΗ

158 2601 241 2685 πρὸς
265 2603 343 2682 ΒΕ,
367 2599 473 2676 οὕτως
495 2600 532 2663 τὸ
555 2599 620 2664 ὑπὸ
644 2604 730 2683 ΗΘ,
750 2605 815 2663 ΑΔ
842 2600 925 2684 πρὸς
947 2600 985 2663 τὸ
1008 2598 1074 2663 ὑπὸ
1098 2597 1166 2672 ΒΕ,

159 2711 244 2787 ΑΔ,
272 2706 316 2780 ώς
339 2701 376 2770 δέ
399 2707 436 2770 τὸ
459 2705 524 2770 ὑπὸ
548 2710 629 2790 ΗΘ,
648 2712 718 2771 ΑΔ
740 2707 823 2791 πρὸς
845 2707 882 2770 τὸ
905 2705 970 2770 ὑπὸ
994 2709 1073 2790 ΒΕ,
1092 2704 1164 2778 Aah

159 2811 266 2887 οὕτως
293 2813 332 2877 τὰ
360 2812 460 2896 ἡμίση
488 2813 525 2877 τὸ
553 2816 663 2877 ΑΗΔ
690 2816 855 2898 τρίγωνον
882 2813 965 2899 πρὸς
992 2814 1029 2878 τὸ
1058 2810 1165 2884 ΑΒΔ,

104 2940 140 2988 κο
160 2919 205 2994 ώς
227 2920 291 3003 ἄρα
314 2919 388 3002 ἡΚ
407 2919 490 3004 πρὸς
509 2924 550 3002 Λ,
573 2920 678 2996 οὕτως
700 2921 737 2984 τὸ
757 2923 870 2984 ΑΔΗ
888 2920 971 3004 πρὸς
993 2920 1031 2983 τὸ
1055 2916 1163 2982 ΑΒΔ·

230 3082 254 3131 4.
265 3039 297 3148 1δ]
317 3094 370 3132 om.
385 3095 412 3146 p.
469 3081 491 3131 7.
507 3075 555 3148 δή]
569 3095 596 3145 p,
617 3073 716 3130 δέλλο.
772 3073 926 3144 δεδομένον
939 3093 966 3144 p.
1023 3080 1046 3129 8.
1062 3070 1161 3128 έλώττν·

160 3149 222 3220 νος]
241 3166 273 3217 p,
296 3146 430 3202 έλώττονα
448 3147 502 3202 Vc.
577 3153 600 3202 9.
621 3147 649 3219 ὁ]
669 3164 720 3201 om.
742 3165 763 3201 ο.
838 3152 879 3202 10.
898 3146 1011 3218 κύκλος]
1031 3162 1101 3214 vop,
1123 3157 1163 3198 -ος

161 3235 241 3274 euan.
260 3219 294 3288 V,
315 3220 378 3274 add.
398 3237 434 3274 m.
454 3235 508 3274 rec.
534 3287 540 3299 ·
569 3225 611 3272 13.
631 3215 735 3343 δέχδή
752 3237 780 3288 p.
841 3223 882 3272 15.
903 3214 980 3288 έπελ]
999 3218 1048 3271 καλ
1066 3209 1161 3278 §aelp-

194 3292 701 3362 ABA]vcp‚Aposteams.m.1.
758 3290 963 3360 17.K]K110.
1016 3277 1159 3348 θῖοώτως]

160 3357 231 3413 οὕτω
249 3378 280 3428 p,
300 3364 332 3414 ut
351 3377 459 3430 semper
478 3361 544 3413 ante
564 3363 757 3415 consonantes.
819 3361 888 3502 ΑΔχ
903 3376 977 3428 vop,
998 3367 1024 3414 Δ
1042 3374 1117 3412 ουωι.
1130 3349 1159 3404 V·

195 3435 237 3482 23.
256 3435 310 3484 ΑΔ
324 3433 421 3501 (term
441 3436 466 3484 Δ
485 3446 500 3483 e
519 3446 587 3484 corr.
606 3448 633 3499 p.
707 3436 748 3485 24.
767 3430 799 3485 τό
814 3433 876 3500 (pr.)
907 3427 1030 3484 τουτέστι
1048 3428 1078 3483 τό
1095 3421 1130 3496 (-ό

161 3503 241 3566 corr.)
259 3517 285 3566 p.
359 3503 725 3571 ABA]Bcorr.epr.
799 3508 841 3555 25.
861 3503 1052 3572 ὡς-ΑΒΔ]
1071 3515 1119 3552 0111·
1137 3511 1160 3560 P·
