2574 3934
398 173 448 223 DE
467 172 644 224 SEOTIONE
663 172 842 224 OYLINDRI.
1085 169 1128 234 39

111 321 144 381 et
183 317 349 401 cylindrus
388 319 529 401 secetur,
565 320 602 379 ut
635 313 787 399 diximus,
819 315 917 398 plano
951 316 1129 381 sectionem

110 424 272 490 efficienti
312 427 466 506 ΕΖΗΘ,
512 422 559 487 ita
600 427 636 487 ut
677 421 943 487 concurrentibus
986 423 1129 488 sectione

498 541 502 548 '
785 532 925 592 ΕΖΗΘ
967 529 1130 615 planoque

784 633 872 698 basis
896 641 928 698 A
935 638 968 699 Γ
988 657 1132 701 commu·

784 740 836 805 nis
864 741 966 807 sectio
991 746 1059 807 ΚΛ
1090 744 1131 807 ad

784 851 907 912 rectam
945 851 1046 913 ΓΑΛ
1086 849 1131 914 sit

784 955 1074 1040 perpendicularis,
1097 960 1131 1020 et

786 1083 805 1125 a
846 1061 988 1127 sectione
1026 1065 1134 1127 ΕΖΗ

785 1172 875 1234 recta
902 1169 1011 1253 aliqua
1038 1170 1133 1233 duca

786 1279 840 1339 tur
856 1280 933 1340 ZM
941 1280 1047 1341 rectae
1062 1279 1097 1340 K
1100 1279 1132 1340 Λ

785 1382 940 1466 parallela
960 1383 1133 1466 producta

787 1510 848 1572 que
860 1489 900 1551 ad
914 1488 1050 1553 alteram
1059 1512 1132 1573 par-

786 1599 853 1659 tem
871 1595 1051 1678 superfioiei
1066 1599 1131 1658 ter-

788 1701 929 1766 minetur
942 1701 978 1764 in
994 1706 1030 1765 Θ.
1052 1700 1133 1786 dico,

112 1810 239 1871 rectam
265 1810 342 1871 ΖΜ
358 1806 394 1870 in
412 1811 486 1871 ΕΗ
505 1809 626 1894 cadere,
650 1813 683 1873 et
706 1830 776 1873 esse
798 1813 875 1873 ΖΜ
886 1839 927 1861 =
941 1812 1026 1873 Mo.

183 1913 337 1997 qnoniam
379 1913 465 1978 enim
506 1913 542 1978 iu
583 1914 725 1980 sectione
767 1919 875 1979 ΕΖΗ
912 1918 1019 1979 rectae
1060 1916 1132 1978 ΚΛ

113 2019 272 2104 parallela
295 2019 391 2084 ducta
414 2024 464 2084 est
486 2024 572 2105 ZM,
595 2021 683 2085 intra
704 2022 1046 2107 parallelogrammum
1067 2023 1133 2086 ΓΔ

87 2157 101 2174 =
114 2127 203 2192 eadit
228 2125 332 2211 [prop.
351 2125 423 2211 XI}
465 2131 497 2192 et
521 2126 675 2212 quoniam
698 2132 787 2193 recta
807 2133 884 2194 ZM
902 2128 1010 2212 posita
1029 2133 1079 2194 est
1097 2128 1132 2193 in

113 2235 214 2320 plano
243 2237 397 2318 ΕΖΗΘ,
425 2238 458 2298 et
485 2239 559 2299 ΕΗ
582 2234 651 2299 eius
679 2235 1039 2321 parallelogrammique
1067 2238 1134 2300 ΓΛ

114 2339 299 2406 communis
323 2344 373 2405 est
396 2340 511 2425 sectio,
536 2345 614 2405 ΖΜ
631 2340 666 2404 in
689 2345 763 2406 ΕΗ
782 2341 876 2406 cudit.

184 2469 255 2512 esse
270 2451 379 2511 autem
396 2452 520 2512 ZM=
531 2451 576 2512 M
577 2453 619 2532 Θ,
635 2452 667 2513 et
680 2447 788 2533 ipsum
802 2470 860 2532 per
873 2447 1133 2532 propositionem

113 2553 362 2639 praecedentem
386 2554 595 2619 manifestum
619 2559 678 2620 est.

183 2660 345 2746 reliquum
378 2665 442 2746 est,
473 2666 510 2726 ut
543 2662 815 2747 demonstremus,
846 2666 968 2728 rectam
996 2665 1066 2726 ΚΛ
1091 2662 1133 2726 ad

114 2771 191 2834 ΕΗ
193 2772 224 2832 Λ
255 2767 553 2852 perpendicularem
581 2790 664 2854 esse,
699 2769 727 2833 si
755 2769 920 2854 cylindrus
948 2773 1057 2834 rectus
1086 2769 1130 2834 sit

114 2878 175 2939 aut
199 2877 264 2939 ΓΔ
292 2875 333 2939 ad
360 2875 466 2940 basim
494 2874 631 2960 cylindri
654 2876 926 2962 perpendiculare.
973 2877 1132 2961 quoniam

115 2982 206 3048 enim
228 2981 362 3066 planum
383 2985 449 3045 ΓΔ
472 2981 512 3046 ad
532 2981 666 3067 planum
684 2983 772 3048 basis
790 2981 1054 3067 perpendiculare
1074 2986 1134 3066 est,

116 3094 151 3154 et
189 3088 230 3152 ad
264 3091 365 3152 ΓΑΛ
402 3110 606 3153 communem
643 3111 755 3154 eorum
791 3086 968 3154 sectionem
999 3108 1134 3172 perpen-

117 3193 272 3260 dicularis
307 3200 356 3259 est
388 3199 457 3260 ΚΛ
488 3195 524 3258 in
555 3195 654 3280 plano
686 3195 774 3259 basis
807 3195 928 3280 posita,
961 3193 1060 3257 etiam
1092 3192 1134 3256 ad

114 3302 280 3386 reliquum
302 3301 437 3386 planum
454 3300 752 3386 parallelogrammi
772 3303 837 3364 ΓΔ
855 3296 1132 3385 perpendiculaiis

117 3413 169 3475 est
193 3407 298 3490 [Eucl.
319 3407 367 3472 XI
390 3407 451 3473 def.
470 3409 514 3489 4].

186 3515 238 3580 sin
267 3517 333 3579 ΓΔ
364 3515 405 3579 ad
436 3514 542 3578 basim
574 3514 838 3599 perpendiculare
870 3533 936 3576 uon
971 3516 1034 3599 est,
1066 3535 1134 3577 non
