<?xml version="1.0" encoding="UTF-8"?>
<!DOCTYPE html PUBLIC "-//W3C//DTD XHTML 1.0 Transitional//EN"
    "http://www.w3.org/TR/xhtml1/DTD/xhtml1-transitional.dtd">
<html xmlns="http://www.w3.org/1999/xhtml" xml:lang="en" lang="en">
 <head>
  <title>
</title>
<meta http-equiv="Content-Type" content="text/html;charset=utf-8" />
  <meta name='ocr-system' content='tesseract 3.04.00' />
  <meta name='ocr-capabilities' content='ocr_page ocr_carea ocr_par ocr_line ocrx_word'/>
</head>
<body>
  <div class='ocr_page' id='page_1' title='image "./sereniantinoens00heibgoog_0123.png"; bbox 0 0 2488 3938; ppageno 0'>
   <div class='ocr_carea' id='block_1_1' title="bbox 175 185 917 252">
    <p class='ocr_par' dir='ltr' id='par_1_1' title="bbox 175 185 1229 348">
     <span class='ocr_line' id='line_1_1' title="bbox 175 185 917 252; baseline -0.004 -11"><span class='ocrx_word' id='word_1_1' title='bbox 175 188 218 252; x_wconf 87' lang='grc'><strong><em>98</em></strong></span> <span class='ocrx_word' id='word_1_2' title='bbox 445 189 532 240; x_wconf 84' lang='grc' dir='ltr'>ΠΕΡΙ</span> <span class='ocrx_word' id='word_1_3' title='bbox 549 185 763 239; x_wconf 79' lang='grc' dir='ltr'>ΚΤΛΙΝΔΡΟΤ</span> <span class='ocrx_word' id='word_1_4' title='bbox 780 187 917 239; x_wconf 85' lang='grc' dir='ltr'><strong>ΤΟΜΗΣ.</strong></span> 
     </span>
    </p>
   </div>
   <div class='ocr_carea' id='block_1_2' title="bbox 117 399 1234 3079">
    <p class='ocr_par' dir='ltr' id='par_1_2' title="bbox 646 399 714 466">
     <span class='ocr_line' id='line_1_2' title="bbox 646 399 714 466; baseline -0.029 0"><span class='ocrx_word' id='word_1_5' title='bbox 646 399 714 466; x_wconf 81' lang='grc' dir='ltr'><strong><em>κθ’.</em></strong></span> 
     </span>
    </p>

    <p class='ocr_par' dir='ltr' id='par_1_3' title="bbox 173 492 1231 916">
     <span class='ocr_line' id='line_1_3' title="bbox 241 541 1174 628; baseline -0.003 -19"><span class='ocrx_word' id='word_1_6' title='bbox 241 545 289 609; x_wconf 79' lang='lat' dir='ltr'><strong><em>Ac</em></strong></span> <span class='ocrx_word' id='word_1_7' title='bbox 310 543 373 608; x_wconf 87' lang='grc' dir='ltr'><strong><em>αἰπὸ</em></strong></span> <span class='ocrx_word' id='word_1_8' title='bbox 396 551 456 608; x_wconf 85' lang='grc' dir='ltr'><strong><em>τοῦ</em></strong></span> <span class='ocrx_word' id='word_1_9' title='bbox 479 543 582 607; x_wconf 84' lang='grc' dir='ltr'><strong><em>αὐτοῦ</em></strong></span> <span class='ocrx_word' id='word_1_10' title='bbox 606 545 742 626; x_wconf 82' lang='grc' dir='ltr'><strong><em>σημείου</em></strong></span> <span class='ocrx_word' id='word_1_11' title='bbox 759 543 974 628; x_wconf 79' lang='grc' dir='ltr'><strong><em>κυλινδρωτῆς</em></strong></span> <span class='ocrx_word' id='word_1_12' title='bbox 993 541 1174 627; x_wconf 81' lang='grc' dir='ltr'><strong><em>ἐπιφανείας</em></strong></span> 
     </span>
     <span class='ocr_line' id='line_1_4' title="bbox 175 647 1172 736; baseline -0.003 -19"><span class='ocrx_word' id='word_1_13' title='bbox 175 651 397 736; x_wconf 78' lang='grc' dir='ltr'><strong><em>ἐφαπτόμεναι</em></strong></span> <span class='ocrx_word' id='word_1_14' title='bbox 431 649 559 714; x_wconf 86' lang='grc' dir='ltr'><strong><em>εύθείαι</em></strong></span> <span class='ocrx_word' id='word_1_15' title='bbox 590 647 661 713; x_wconf 90' lang='grc' dir='ltr'><strong><em>κατ’</em></strong></span> <span class='ocrx_word' id='word_1_16' title='bbox 696 648 865 733; x_wconf 79' lang='grc' dir='ltr'><strong><em>ἀμφότερα</em></strong></span> <span class='ocrx_word' id='word_1_17' title='bbox 896 650 937 713; x_wconf 90' lang='grc' dir='ltr'><strong><em>τδι</em></strong></span> <span class='ocrx_word' id='word_1_18' title='bbox 968 648 1049 735; x_wconf 83' lang='grc' dir='ltr'><strong><em>με’ρη</em></strong></span> <span class='ocrx_word' id='word_1_19' title='bbox 1078 662 1172 714; x_wconf 83' lang='grc' dir='ltr'><strong><em>πᾶσαι</em></strong></span> 
     </span>
     <span class='ocr_line' id='line_1_5' title="bbox 173 755 1175 841; baseline -0.003 -18"><span class='ocrx_word' id='word_1_20' title='bbox 173 756 253 823; x_wconf 82' lang='grc' dir='ltr'><strong><em>καθ’</em></strong></span> <span class='ocrx_word' id='word_1_21' title='bbox 288 755 362 832; x_wconf 83' lang='grc' dir='ltr'><strong><em>ἑνὸς</em></strong></span> <span class='ocrx_word' id='word_1_22' title='bbox 396 755 738 841; x_wconf 78' lang='grc' dir='ltr'><strong><em>παραλληλογράμμου</em></strong></span> <span class='ocrx_word' id='word_1_23' title='bbox 774 760 927 841; x_wconf 80' lang='grc' dir='ltr'><strong><em>πλευρῶν</em></strong></span> <span class='ocrx_word' id='word_1_24' title='bbox 963 757 1022 832; x_wconf 79' lang='grc' dir='ltr'><strong><em>τὰς</em></strong></span> <span class='ocrx_word' id='word_1_25' title='bbox 1057 755 1175 840; x_wconf 80' lang='grc' dir='ltr'><strong><em>ἐπαφὰς</em></strong></span> 
     </span>
    </p>

    <p class='ocr_par' dir='ltr' id='par_1_4' title="bbox 138 873 355 929">
     <span class='ocr_line' id='line_1_6' title="bbox 138 873 355 929; baseline 0.005 -3"><span class='ocrx_word' id='word_1_26' title='bbox 138 873 355 929; x_wconf 74' lang='grc' dir='ltr'><strong><em>ὅποιοῦνται.</em></strong></span> 
     </span>
    </p>

    <p class='ocr_par' dir='ltr' id='par_1_5' title="bbox 172 964 1232 1373">
     <span class='ocr_line' id='line_1_7' title="bbox 240 964 1173 1055; baseline 0 -20"><span class='ocrx_word' id='word_1_27' title='bbox 240 973 321 1035; x_wconf 81' lang='grc' dir='ltr'><strong><em>ἔστω</em></strong></span> <span class='ocrx_word' id='word_1_28' title='bbox 349 969 541 1055; x_wconf 78' lang='grc' dir='ltr'><strong><em>κύλινδρος,</em></strong></span> <span class='ocrx_word' id='word_1_29' title='bbox 569 964 610 1033; x_wconf 84' lang='grc' dir='ltr'><strong><em>οὗ</em></strong></span> <span class='ocrx_word' id='word_1_30' title='bbox 637 967 749 1052; x_wconf 79' lang='grc' dir='ltr'><strong><em>βάσεις</em></strong></span> <span class='ocrx_word' id='word_1_31' title='bbox 775 965 836 1052; x_wconf 70' lang='grc' dir='ltr'><strong><em>μὲν</em></strong></span> <span class='ocrx_word' id='word_1_32' title='bbox 863 969 898 1033; x_wconf 89' lang='grc' dir='ltr'><strong><em>οί</em></strong></span> <span class='ocrx_word' id='word_1_33' title='bbox 925 975 957 1033; x_wconf 89' lang='grc' dir='ltr'><em>Α</em></span> <span class='ocrx_word' id='word_1_34' title='bbox 963 973 1023 1053; x_wconf 90' lang='grc' dir='ltr'><strong><em>,Β</em></strong></span> <span class='ocrx_word' id='word_1_35' title='bbox 1055 971 1173 1052; x_wconf 88' lang='grc' dir='ltr'><strong><em>κύκλοι,</em></strong></span> 
     </span>
     <span class='ocr_line' id='line_1_8' title="bbox 173 1072 1174 1160; baseline 0.002 -20"><span class='ocrx_word' id='word_1_36' title='bbox 173 1075 261 1154; x_wconf 84' lang='grc' dir='ltr'><strong><em>άξωυ</em></strong></span> <span class='ocrx_word' id='word_1_37' title='bbox 284 1072 320 1140; x_wconf 77' lang='grc' dir='ltr'><strong><em>δὲ</em></strong></span> <span class='ocrx_word' id='word_1_38' title='bbox 343 1076 364 1159; x_wconf 87' lang='grc' dir='ltr'><strong><em>ἤ</em></strong></span> <span class='ocrx_word' id='word_1_39' title='bbox 387 1079 453 1140; x_wconf 90' lang='lat' dir='ltr'><strong><em>AB</em></strong></span> <span class='ocrx_word' id='word_1_40' title='bbox 478 1076 602 1158; x_wconf 78' lang='grc' dir='ltr'><strong><em>εὐθεῖα,</em></strong></span> <span class='ocrx_word' id='word_1_41' title='bbox 624 1073 680 1139; x_wconf 84' lang='grc' dir='ltr'><strong><em>καὶ</em></strong></span> <span class='ocrx_word' id='word_1_42' title='bbox 703 1077 853 1158; x_wconf 76' lang='grc' dir='ltr'><strong><em>εἰλήφθω</em></strong></span> <span class='ocrx_word' id='word_1_43' title='bbox 877 1097 909 1139; x_wconf 89' lang='grc' dir='ltr'><strong><em>τι</em></strong></span> <span class='ocrx_word' id='word_1_44' title='bbox 932 1088 1068 1160; x_wconf 78' lang='grc' dir='ltr'><strong><em>σημεῖον</em></strong></span> <span class='ocrx_word' id='word_1_45' title='bbox 1089 1077 1174 1152; x_wconf 82' lang='grc' dir='ltr'><strong><em>ἐκτὸς</em></strong></span> 
     </span>
     <span class='ocr_line' id='line_1_9' title="bbox 172 1179 1232 1266; baseline -0.004 -20"><span class='ocrx_word' id='word_1_46' title='bbox 172 1184 209 1246; x_wconf 90' lang='grc' dir='ltr'><strong><em>τὸ</em></strong></span> <span class='ocrx_word' id='word_1_47' title='bbox 234 1184 275 1265; x_wconf 97' lang='grc' dir='ltr'><strong><em>Γ,</em></strong></span> <span class='ocrx_word' id='word_1_48' title='bbox 302 1179 357 1245; x_wconf 80' lang='grc' dir='ltr'><strong><em>καὶ</em></strong></span> <span class='ocrx_word' id='word_1_49' title='bbox 385 1180 448 1245; x_wconf 83' lang='grc' dir='ltr'><strong><em>ἀπὸ</em></strong></span> <span class='ocrx_word' id='word_1_50' title='bbox 476 1190 536 1246; x_wconf 87' lang='grc' dir='ltr'><strong><em>τοῦ</em></strong></span> <span class='ocrx_word' id='word_1_51' title='bbox 565 1184 597 1245; x_wconf 92' lang='grc' dir='ltr'>Γ</span> <span class='ocrx_word' id='word_1_52' title='bbox 618 1183 777 1265; x_wconf 89' lang='grc' dir='ltr'><strong><em>ἤχθωσαν</em></strong></span> <span class='ocrx_word' id='word_1_53' title='bbox 805 1182 842 1246; x_wconf 87' lang='grc' dir='ltr'><strong><em>αί</em></strong></span> <span class='ocrx_word' id='word_1_54' title='bbox 863 1184 944 1266; x_wconf 84' lang='grc' dir='ltr'><strong><em>ΓΛ,</em></strong></span> <span class='ocrx_word' id='word_1_55' title='bbox 964 1185 1028 1248; x_wconf 98' lang='grc' dir='ltr'><strong><em>ΓΕ</em></strong></span> <span class='ocrx_word' id='word_1_56' title='bbox 1053 1183 1173 1248; x_wconf 83' lang='grc' dir='ltr'><strong><em>εὐθεῖαι</em></strong></span> <span class='ocrx_word' id='word_1_57' title='bbox 1231 1193 1232 1242; x_wconf 53' lang='grc'><strong>1</strong></span> 
     </span>
     <span class='ocr_line' id='line_1_10' title="bbox 173 1287 1174 1373; baseline -0.001 -20"><span class='ocrx_word' id='word_1_58' title='bbox 173 1288 395 1372; x_wconf 78' lang='grc' dir='ltr'><strong><em>ἐφαπτόμεναι</em></strong></span> <span class='ocrx_word' id='word_1_59' title='bbox 430 1297 488 1371; x_wconf 81' lang='grc' dir='ltr'><strong><em>της</em></strong></span> <span class='ocrx_word' id='word_1_60' title='bbox 523 1296 583 1352; x_wconf 87' lang='grc' dir='ltr'><strong><em>τοῦ</em></strong></span> <span class='ocrx_word' id='word_1_61' title='bbox 615 1289 796 1373; x_wconf 75' lang='grc' dir='ltr'><strong><em>κυλίνδρου</em></strong></span> <span class='ocrx_word' id='word_1_62' title='bbox 829 1287 1022 1373; x_wconf 79' lang='grc' dir='ltr'><strong><em>ἐπιφανείας</em></strong></span> <span class='ocrx_word' id='word_1_63' title='bbox 1054 1287 1105 1354; x_wconf 83' lang='grc' dir='ltr'><strong><em>ἐπὶ</em></strong></span> <span class='ocrx_word' id='word_1_64' title='bbox 1135 1290 1174 1352; x_wconf 81' lang='grc' dir='ltr'><strong><em>τὰ</em></strong></span> 
     </span>
    </p>

    <p class='ocr_par' dir='ltr' id='par_1_6' title="bbox 117 1372 1235 3079">
     <span class='ocr_line' id='line_1_11' title="bbox 121 1391 1174 1481; baseline 0.003 -24"><span class='ocrx_word' id='word_1_65' title='bbox 121 1410 154 1459; x_wconf 88' lang='grc'><strong><em>10</em></strong></span> <span class='ocrx_word' id='word_1_66' title='bbox 173 1395 256 1460; x_wconf 81' lang='grc' dir='ltr'><strong><em>αὐτὰ</em></strong></span> <span class='ocrx_word' id='word_1_67' title='bbox 279 1392 360 1481; x_wconf 88' lang='grc' dir='ltr'><strong><em>μέρη</em></strong></span> <span class='ocrx_word' id='word_1_68' title='bbox 382 1395 464 1459; x_wconf 83' lang='grc' dir='ltr'><strong><em>κατά</em></strong></span> <span class='ocrx_word' id='word_1_69' title='bbox 486 1395 526 1458; x_wconf 81' lang='grc' dir='ltr'><strong><em>τά</em></strong></span> <span class='ocrx_word' id='word_1_70' title='bbox 549 1400 592 1477; x_wconf 86' lang='grc' dir='ltr'><strong><em>Δ,</em></strong></span> <span class='ocrx_word' id='word_1_71' title='bbox 614 1399 647 1459; x_wconf 89' lang='grc' dir='ltr'><em>Ε</em></span> <span class='ocrx_word' id='word_1_72' title='bbox 667 1405 792 1478; x_wconf 87' lang='grc' dir='ltr'><strong><em>σημεία.</em></strong></span> <span class='ocrx_word' id='word_1_73' title='bbox 837 1391 931 1478; x_wconf 80' lang='grc' dir='ltr'><strong><em>λέγω,</em></strong></span> <span class='ocrx_word' id='word_1_74' title='bbox 955 1395 1005 1460; x_wconf 83' lang='grc' dir='ltr'><strong><em>ὅτι</em></strong></span> <span class='ocrx_word' id='word_1_75' title='bbox 1028 1396 1070 1460; x_wconf 79' lang='grc' dir='ltr'><strong><em>τά</em></strong></span> <span class='ocrx_word' id='word_1_76' title='bbox 1090 1401 1126 1480; x_wconf 89' lang='grc' dir='ltr'><strong><em>Ε,</em></strong></span> <span class='ocrx_word' id='word_1_77' title='bbox 1143 1401 1174 1459; x_wconf 87' lang='grc' dir='ltr'><em>Λ</em></span> 
     </span>
     <span class='ocr_line' id='line_1_12' title="bbox 172 1499 1233 1586; baseline -0.002 -19"><span class='ocrx_word' id='word_1_78' title='bbox 172 1513 239 1567; x_wconf 82' lang='grc' dir='ltr'><strong><em>τῶν</em></strong></span> <span class='ocrx_word' id='word_1_79' title='bbox 262 1501 399 1586; x_wconf 80' lang='grc' dir='ltr'><strong><em>ἐπαφῶν</em></strong></span> <span class='ocrx_word' id='word_1_80' title='bbox 422 1511 537 1586; x_wconf 79' lang='grc' dir='ltr'><strong><em>σημεῖα</em></strong></span> <span class='ocrx_word' id='word_1_81' title='bbox 561 1499 613 1565; x_wconf 80' lang='grc' dir='ltr'><strong><em>ἐπὶ</em></strong></span> <span class='ocrx_word' id='word_1_82' title='bbox 636 1510 712 1585; x_wconf 85' lang='grc' dir='ltr'><strong><em>μιᾶς</em></strong></span> <span class='ocrx_word' id='word_1_83' title='bbox 734 1501 867 1578; x_wconf 75' lang='grc' dir='ltr'><strong><em>εὐθείας</em></strong></span> <span class='ocrx_word' id='word_1_84' title='bbox 889 1500 968 1566; x_wconf 82' lang='grc' dir='ltr'><strong><em>ἐστί.</em></strong></span> <span class='ocrx_word' id='word_1_85' title='bbox 1232 1515 1233 1518; x_wconf 76' lang='grc'>’</span> 
     </span>
     <span class='ocr_line' id='line_1_13' title="bbox 237 1605 1174 1694; baseline 0 -20"><span class='ocrx_word' id='word_1_86' title='bbox 237 1612 391 1694; x_wconf 85' lang='grc' dir='ltr'><strong><em>κατῆχθω</em></strong></span> <span class='ocrx_word' id='word_1_87' title='bbox 424 1608 487 1673; x_wconf 84' lang='grc' dir='ltr'><strong><em>ἀπὸ</em></strong></span> <span class='ocrx_word' id='word_1_88' title='bbox 519 1616 579 1672; x_wconf 88' lang='grc' dir='ltr'><strong><em>τοῦ</em></strong></span> <span class='ocrx_word' id='word_1_89' title='bbox 610 1610 642 1671; x_wconf 92' lang='grc' dir='ltr'>Γ</span> <span class='ocrx_word' id='word_1_90' title='bbox 667 1609 803 1691; x_wconf 82' lang='grc' dir='ltr'><strong><em>σημείου</em></strong></span> <span class='ocrx_word' id='word_1_91' title='bbox 834 1605 887 1672; x_wconf 79' lang='grc' dir='ltr'><strong><em>ἐπὶ</em></strong></span> <span class='ocrx_word' id='word_1_92' title='bbox 913 1609 974 1691; x_wconf 81' lang='grc' dir='ltr'><strong><em>τὴν</em></strong></span> <span class='ocrx_word' id='word_1_93' title='bbox 1002 1613 1068 1673; x_wconf 90' lang='grc' dir='ltr'><strong><em>ΑΒ</em></strong></span> <span class='ocrx_word' id='word_1_94' title='bbox 1097 1609 1174 1694; x_wconf 83' lang='grc' dir='ltr'><strong><em>πρὸς</em></strong></span> 
     </span>
     <span class='ocr_line' id='line_1_14' title="bbox 172 1713 1173 1802; baseline -0.003 -21"><span class='ocrx_word' id='word_1_95' title='bbox 172 1715 277 1802; x_wconf 81' lang='grc' dir='ltr'><strong><em>ὀρθὰς</em></strong></span> <span class='ocrx_word' id='word_1_96' title='bbox 299 1715 320 1798; x_wconf 84' lang='grc' dir='ltr'><strong><em>ἤ</em></strong></span> <span class='ocrx_word' id='word_1_97' title='bbox 344 1719 416 1799; x_wconf 90' lang='grc' dir='ltr'><strong><em>ΓΖ,</em></strong></span> <span class='ocrx_word' id='word_1_98' title='bbox 438 1713 494 1779; x_wconf 85' lang='grc' dir='ltr'><strong><em>καὶ</em></strong></span> <span class='ocrx_word' id='word_1_99' title='bbox 517 1715 573 1778; x_wconf 89' lang='grc' dir='ltr'><strong><em>διδι</em></strong></span> <span class='ocrx_word' id='word_1_100' title='bbox 595 1722 652 1797; x_wconf 79' lang='grc' dir='ltr'><strong><em>τῆς</em></strong></span> <span class='ocrx_word' id='word_1_101' title='bbox 676 1716 737 1778; x_wconf 92' lang='grc' dir='ltr'><strong><em>ΓΖ</em></strong></span> <span class='ocrx_word' id='word_1_102' title='bbox 759 1715 853 1798; x_wconf 89' lang='grc' dir='ltr'><strong><em>ἤχθω</em></strong></span> <span class='ocrx_word' id='word_1_103' title='bbox 878 1713 1034 1780; x_wconf 81' lang='grc' dir='ltr'><strong><em>ἐπίπεδον</em></strong></span> <span class='ocrx_word' id='word_1_104' title='bbox 1056 1716 1173 1801; x_wconf 88' lang='grc' dir='ltr'><strong><em>παράλ-</em></strong></span> 
     </span>
     <span class='ocr_line' id='line_1_15' title="bbox 172 1816 1234 1909; baseline -0.002 -21"><span class='ocrx_word' id='word_1_105' title='bbox 172 1829 274 1906; x_wconf 91' lang='grc' dir='ltr'><strong><em>ληλου</em></strong></span> <span class='ocrx_word' id='word_1_106' title='bbox 299 1831 345 1909; x_wconf 77' lang='grc' dir='ltr'><strong><em>τῷ</em></strong></span> <span class='ocrx_word' id='word_1_107' title='bbox 372 1830 432 1886; x_wconf 86' lang='grc' dir='ltr'><strong><em>τοῦ</em></strong></span> <span class='ocrx_word' id='word_1_108' title='bbox 455 1828 488 1886; x_wconf 90' lang='grc' dir='ltr'><em>Α</em></span> <span class='ocrx_word' id='word_1_109' title='bbox 514 1821 638 1885; x_wconf 85' lang='grc' dir='ltr'><strong><em>κύκλου</em></strong></span> <span class='ocrx_word' id='word_1_110' title='bbox 666 1816 807 1908; x_wconf 75' lang='grc' dir='ltr'><strong><em>ἐπιπέδῳ</em></strong></span> <span class='ocrx_word' id='word_1_111' title='bbox 834 1818 890 1885; x_wconf 83' lang='grc' dir='ltr'><strong><em>καὶ</em></strong></span> <span class='ocrx_word' id='word_1_112' title='bbox 916 1824 1050 1886; x_wconf 83' lang='grc' dir='ltr'><strong><em>ποιείτω</em></strong></span> <span class='ocrx_word' id='word_1_113' title='bbox 1077 1823 1175 1906; x_wconf 83' lang='grc' dir='ltr'><strong><em>τομῆν</em></strong></span> <span class='ocrx_word' id='word_1_114' title='bbox 1233 1839 1234 1868; x_wconf 75' lang='lat'><em>³</em></span> 
     </span>
     <span class='ocr_line' id='line_1_16' title="bbox 120 1925 1175 2016; baseline 0.002 -26"><span class='ocrx_word' id='word_1_115' title='bbox 120 1942 153 1991; x_wconf 80' lang='lat'><strong><em>15</em></strong></span> <span class='ocrx_word' id='word_1_116' title='bbox 172 1929 208 1994; x_wconf 83' lang='grc' dir='ltr'><strong><em>ἐν</em></strong></span> <span class='ocrx_word' id='word_1_117' title='bbox 235 1938 280 2016; x_wconf 79' lang='grc' dir='ltr'><strong><em>τῳ</em></strong></span> <span class='ocrx_word' id='word_1_118' title='bbox 308 1929 475 2015; x_wconf 78' lang='grc' dir='ltr'><strong><em>κυλίνδρῳ</em></strong></span> <span class='ocrx_word' id='word_1_119' title='bbox 503 1928 562 1992; x_wconf 89' lang='grc' dir='ltr'><strong><em>τὸν</em></strong></span> <span class='ocrx_word' id='word_1_120' title='bbox 589 1925 664 2012; x_wconf 81' lang='grc' dir='ltr'><strong><em>περὶ</em></strong></span> <span class='ocrx_word' id='word_1_121' title='bbox 691 1928 728 1992; x_wconf 87' lang='grc' dir='ltr'><strong><em>τὸ</em></strong></span> <span class='ocrx_word' id='word_1_122' title='bbox 752 1931 780 1991; x_wconf 92' lang='grc' dir='ltr'>Ζ</span> <span class='ocrx_word' id='word_1_123' title='bbox 802 1927 940 2010; x_wconf 89' lang='grc' dir='ltr'><strong><em>κύκλον,</em></strong></span> <span class='ocrx_word' id='word_1_124' title='bbox 964 1928 1047 1992; x_wconf 81' lang='grc' dir='ltr'><strong><em>ὥστε</em></strong></span> <span class='ocrx_word' id='word_1_125' title='bbox 1067 1929 1175 1993; x_wconf 84' lang='grc' dir='ltr'><strong><em>κύλιν-</em></strong></span> 
     </span>
     <span class='ocr_line' id='line_1_17' title="bbox 172 2029 1174 2121; baseline 0.004 -21"><span class='ocrx_word' id='word_1_126' title='bbox 172 2037 254 2121; x_wconf 91' lang='grc' dir='ltr'><strong><em>δρον</em></strong></span> <span class='ocrx_word' id='word_1_127' title='bbox 276 2034 474 2117; x_wconf 79' lang='grc' dir='ltr'><strong><em>ὑποστῆναι,</em></strong></span> <span class='ocrx_word' id='word_1_128' title='bbox 502 2029 543 2099; x_wconf 89' lang='grc' dir='ltr'><strong><em>οὗ</em></strong></span> <span class='ocrx_word' id='word_1_129' title='bbox 566 2033 678 2117; x_wconf 88' lang='grc' dir='ltr'><strong><em>βάσεις</em></strong></span> <span class='ocrx_word' id='word_1_130' title='bbox 701 2034 736 2098; x_wconf 88' lang='grc' dir='ltr'><strong><em>οί</em></strong></span> <span class='ocrx_word' id='word_1_131' title='bbox 756 2038 799 2117; x_wconf 88' lang='grc' dir='ltr'><strong><em>Β,</em></strong></span> <span class='ocrx_word' id='word_1_132' title='bbox 823 2038 851 2098; x_wconf 92' lang='grc' dir='ltr'>Ζ</span> <span class='ocrx_word' id='word_1_133' title='bbox 873 2035 1003 2118; x_wconf 87' lang='grc' dir='ltr'><strong><em>κύκλοι,</em></strong></span> <span class='ocrx_word' id='word_1_134' title='bbox 1031 2033 1117 2112; x_wconf 84' lang='grc' dir='ltr'><strong><em>άξων</em></strong></span> <span class='ocrx_word' id='word_1_135' title='bbox 1142 2031 1174 2098; x_wconf 73' lang='grc' dir='ltr'><strong><em>δὲ</em></strong></span> 
     </span>
     <span class='ocr_line' id='line_1_18' title="bbox 171 2138 1174 2224; baseline -0.001 -19"><span class='ocrx_word' id='word_1_136' title='bbox 171 2141 191 2224; x_wconf 86' lang='grc' dir='ltr'><strong><em>ἤ</em></strong></span> <span class='ocrx_word' id='word_1_137' title='bbox 219 2145 284 2206; x_wconf 91' lang='grc' dir='ltr'><strong><em>ΒΖ</em></strong></span> <span class='ocrx_word' id='word_1_138' title='bbox 315 2141 444 2224; x_wconf 79' lang='grc' dir='ltr'><strong><em>εὐθεῖα,</em></strong></span> <span class='ocrx_word' id='word_1_139' title='bbox 475 2138 530 2204; x_wconf 85' lang='grc' dir='ltr'><strong><em>καὶ</em></strong></span> <span class='ocrx_word' id='word_1_140' title='bbox 557 2141 613 2204; x_wconf 79' lang='grc' dir='ltr'><strong><em>διὰ</em></strong></span> <span class='ocrx_word' id='word_1_141' title='bbox 640 2149 698 2224; x_wconf 85' lang='grc' dir='ltr'><strong><em>τῆς</em></strong></span> <span class='ocrx_word' id='word_1_142' title='bbox 726 2143 789 2204; x_wconf 92' lang='grc' dir='ltr'><strong><em>ΓΖ</em></strong></span> <span class='ocrx_word' id='word_1_143' title='bbox 815 2138 870 2204; x_wconf 81' lang='grc' dir='ltr'><strong><em>καὶ</em></strong></span> <span class='ocrx_word' id='word_1_144' title='bbox 897 2149 958 2205; x_wconf 88' lang='grc' dir='ltr'><strong><em>τοῦ</em></strong></span> <span class='ocrx_word' id='word_1_145' title='bbox 985 2139 1101 2218; x_wconf 78' lang='grc' dir='ltr'><strong><em>ἄξονος</em></strong></span> <span class='ocrx_word' id='word_1_146' title='bbox 1128 2139 1174 2204; x_wconf 88' lang='grc' dir='ltr'><strong><em>εἰι-</em></strong></span> 
     </span>
     <span class='ocr_line' id='line_1_19' title="bbox 171 2246 1173 2334; baseline -0.003 -22"><span class='ocrx_word' id='word_1_147' title='bbox 171 2249 358 2332; x_wconf 49' lang='grc' dir='ltr'><strong><em>βεβλῆσθω,</em></strong></span> <span class='ocrx_word' id='word_1_148' title='bbox 369 2246 525 2312; x_wconf 82' lang='grc' dir='ltr'><strong><em>ἐπίπεδον</em></strong></span> <span class='ocrx_word' id='word_1_149' title='bbox 547 2255 667 2311; x_wconf 85' lang='grc' dir='ltr'><strong><em>ποιοῦν</em></strong></span> <span class='ocrx_word' id='word_1_150' title='bbox 685 2246 722 2312; x_wconf 85' lang='grc' dir='ltr'><strong><em>έν</em></strong></span> <span class='ocrx_word' id='word_1_151' title='bbox 739 2256 785 2334; x_wconf 84' lang='grc' dir='ltr'><strong><em>τῳ</em></strong></span> <span class='ocrx_word' id='word_1_152' title='bbox 803 2249 970 2334; x_wconf 78' lang='grc' dir='ltr'><strong><em>κυλίνδρῳ</em></strong></span> <span class='ocrx_word' id='word_1_153' title='bbox 989 2248 1026 2312; x_wconf 87' lang='grc' dir='ltr'><strong><em>τὸ</em></strong></span> <span class='ocrx_word' id='word_1_154' title='bbox 1046 2248 1101 2312; x_wconf 82' lang='grc' dir='ltr'><strong><em>διδ</em></strong></span> <span class='ocrx_word' id='word_1_155' title='bbox 1118 2255 1173 2312; x_wconf 87' lang='grc' dir='ltr'><strong><em>τοῦ</em></strong></span> 
     </span>
     <span class='ocr_line' id='line_1_20' title="bbox 171 2351 1174 2440; baseline -0.003 -20"><span class='ocrx_word' id='word_1_156' title='bbox 171 2353 287 2433; x_wconf 76' lang='grc' dir='ltr'><strong><em>ἄξονος</em></strong></span> <span class='ocrx_word' id='word_1_157' title='bbox 316 2355 657 2440; x_wconf 80' lang='grc' dir='ltr'><strong><em>παραλληλόγραμμον</em></strong></span> <span class='ocrx_word' id='word_1_158' title='bbox 683 2354 720 2418; x_wconf 89' lang='grc' dir='ltr'><strong><em>τὸ</em></strong></span> <span class='ocrx_word' id='word_1_159' title='bbox 748 2357 788 2416; x_wconf 91' lang='grc' dir='ltr'><em>Η</em></span> <span class='ocrx_word' id='word_1_160' title='bbox 790 2357 832 2436; x_wconf 79' lang='grc' dir='ltr'><strong><em>Θ,</em></strong></span> <span class='ocrx_word' id='word_1_161' title='bbox 859 2351 914 2418; x_wconf 81' lang='grc' dir='ltr'><strong><em>καὶ</em></strong></span> <span class='ocrx_word' id='word_1_162' title='bbox 941 2363 980 2439; x_wconf 78' lang='grc' dir='ltr'><strong><em>τῇ</em></strong></span> <span class='ocrx_word' id='word_1_163' title='bbox 1010 2356 1075 2418; x_wconf 95' lang='grc' dir='ltr'><strong><em>ΖΓ</em></strong></span> <span class='ocrx_word' id='word_1_164' title='bbox 1097 2354 1174 2438; x_wconf 86' lang='grc' dir='ltr'><strong><em>πρὸς</em></strong></span> 
     </span>
     <span class='ocr_line' id='line_1_21' title="bbox 118 2455 1173 2548; baseline -0.002 -24"><span class='ocrx_word' id='word_1_165' title='bbox 118 2475 152 2524; x_wconf 77' lang='lat'><strong><em>20</em></strong></span> <span class='ocrx_word' id='word_1_166' title='bbox 171 2461 277 2548; x_wconf 79' lang='grc' dir='ltr'><strong><em>ὀρθάς</em></strong></span> <span class='ocrx_word' id='word_1_167' title='bbox 298 2463 392 2546; x_wconf 90' lang='grc' dir='ltr'><strong><em>ἤχθω</em></strong></span> <span class='ocrx_word' id='word_1_168' title='bbox 411 2460 431 2544; x_wconf 81' lang='grc' dir='ltr'><strong><em>ἡ</em></strong></span> <span class='ocrx_word' id='word_1_169' title='bbox 452 2463 518 2525; x_wconf 88' lang='grc' dir='ltr'><strong><em>ΓΚ</em></strong></span> <span class='ocrx_word' id='word_1_170' title='bbox 534 2459 570 2525; x_wconf 80' lang='grc' dir='ltr'><strong><em>ἐν</em></strong></span> <span class='ocrx_word' id='word_1_171' title='bbox 588 2469 633 2547; x_wconf 78' lang='grc' dir='ltr'><strong><em>τῷ</em></strong></span> <span class='ocrx_word' id='word_1_172' title='bbox 651 2467 711 2523; x_wconf 83' lang='grc' dir='ltr'><strong><em>τοῦ</em></strong></span> <span class='ocrx_word' id='word_1_173' title='bbox 732 2463 759 2522; x_wconf 93' lang='grc' dir='ltr'>Ζ</span> <span class='ocrx_word' id='word_1_174' title='bbox 777 2460 900 2524; x_wconf 85' lang='grc' dir='ltr'><strong><em>κύκλου</em></strong></span> <span class='ocrx_word' id='word_1_175' title='bbox 920 2458 1060 2547; x_wconf 83' lang='grc' dir='ltr'><strong><em>ἐπιπέδῳ</em></strong></span> <span class='ocrx_word' id='word_1_176' title='bbox 1084 2455 1173 2539; x_wconf 83' lang='grc' dir='ltr'><strong><em>οὖσα,</em></strong></span> 
     </span>
     <span class='ocr_line' id='line_1_22' title="bbox 170 2563 1173 2651; baseline -0.004 -19"><span class='ocrx_word' id='word_1_177' title='bbox 170 2566 225 2632; x_wconf 81' lang='grc' dir='ltr'><strong><em>καὶ</em></strong></span> <span class='ocrx_word' id='word_1_178' title='bbox 239 2568 296 2632; x_wconf 83' lang='grc' dir='ltr'><strong><em>διὰ</em></strong></span> <span class='ocrx_word' id='word_1_179' title='bbox 309 2577 367 2651; x_wconf 79' lang='grc' dir='ltr'><strong><em>τῆς</em></strong></span> <span class='ocrx_word' id='word_1_180' title='bbox 381 2570 450 2632; x_wconf 89' lang='grc' dir='ltr'><strong><em>ΓΚ</em></strong></span> <span class='ocrx_word' id='word_1_181' title='bbox 460 2565 515 2631; x_wconf 84' lang='grc' dir='ltr'><strong><em>καὶ</em></strong></span> <span class='ocrx_word' id='word_1_182' title='bbox 528 2563 681 2651; x_wconf 83' lang='grc' dir='ltr'><strong><em>ἑκατέρας</em></strong></span> <span class='ocrx_word' id='word_1_183' title='bbox 694 2576 761 2630; x_wconf 85' lang='grc' dir='ltr'><strong><em>τῶν</em></strong></span> <span class='ocrx_word' id='word_1_184' title='bbox 776 2568 845 2649; x_wconf 85' lang='grc' dir='ltr'><strong><em>ΓΛ,</em></strong></span> <span class='ocrx_word' id='word_1_185' title='bbox 861 2569 920 2631; x_wconf 89' lang='grc' dir='ltr'><strong><em>ΓΕ</em></strong></span> <span class='ocrx_word' id='word_1_186' title='bbox 932 2567 1173 2650; x_wconf 86' lang='grc' dir='ltr'><strong><em>διεκβεβλῆσθω</em></strong></span> 
     </span>
     <span class='ocr_line' id='line_1_23' title="bbox 171 2671 1175 2758; baseline 0 -20"><span class='ocrx_word' id='word_1_187' title='bbox 171 2672 307 2738; x_wconf 83' lang='grc' dir='ltr'><strong><em>ἐπίπεδα</em></strong></span> <span class='ocrx_word' id='word_1_188' title='bbox 334 2672 494 2757; x_wconf 87' lang='grc' dir='ltr'><strong><em>τέμνοντα</em></strong></span> <span class='ocrx_word' id='word_1_189' title='bbox 521 2675 580 2738; x_wconf 89' lang='grc' dir='ltr'><strong><em>τὸν</em></strong></span> <span class='ocrx_word' id='word_1_190' title='bbox 606 2673 787 2758; x_wconf 86' lang='grc' dir='ltr'><strong><em>κύλινδρον</em></strong></span> <span class='ocrx_word' id='word_1_191' title='bbox 809 2671 865 2737; x_wconf 81' lang='grc' dir='ltr'><strong><em>καὶ</em></strong></span> <span class='ocrx_word' id='word_1_192' title='bbox 886 2675 1019 2738; x_wconf 89' lang='grc' dir='ltr'><strong><em>ποιείτω</em></strong></span> <span class='ocrx_word' id='word_1_193' title='bbox 1043 2673 1099 2737; x_wconf 82' lang='grc' dir='ltr'><strong><em>διὰ</em></strong></span> <span class='ocrx_word' id='word_1_194' title='bbox 1122 2681 1175 2754; x_wconf 78' lang='grc' dir='ltr'><strong><em>τῆς</em></strong></span> 
     </span>
     <span class='ocr_line' id='line_1_24' title="bbox 169 2776 1173 2866; baseline 0 -23"><span class='ocrx_word' id='word_1_195' title='bbox 169 2787 271 2862; x_wconf 86' lang='grc' dir='ltr'><strong><em>τομῆς</em></strong></span> <span class='ocrx_word' id='word_1_196' title='bbox 294 2778 330 2843; x_wconf 86' lang='grc' dir='ltr'><strong><em>έν</em></strong></span> <span class='ocrx_word' id='word_1_197' title='bbox 351 2776 412 2863; x_wconf 75' lang='grc' dir='ltr'><strong><em>μὲν</em></strong></span> <span class='ocrx_word' id='word_1_198' title='bbox 433 2789 472 2865; x_wconf 77' lang='grc' dir='ltr'><strong><em>τῇ</em></strong></span> <span class='ocrx_word' id='word_1_199' title='bbox 497 2779 670 2866; x_wconf 82' lang='grc' dir='ltr'><strong><em>ἐπιφανείᾳ</em></strong></span> <span class='ocrx_word' id='word_1_200' title='bbox 692 2787 752 2843; x_wconf 84' lang='grc' dir='ltr'><strong><em>τοῦ</em></strong></span> <span class='ocrx_word' id='word_1_201' title='bbox 775 2779 956 2864; x_wconf 87' lang='grc' dir='ltr'><strong><em>κυλίνδρου</em></strong></span> <span class='ocrx_word' id='word_1_202' title='bbox 979 2781 1037 2855; x_wconf 85' lang='grc' dir='ltr'><strong><em>τδς</em></strong></span> <span class='ocrx_word' id='word_1_203' title='bbox 1055 2781 1173 2858; x_wconf 82' lang='grc' dir='ltr'><strong><em>ΛΑΜ,</em></strong></span> 
     </span>
     <span class='ocr_line' id='line_1_25' title="bbox 170 2882 1171 2972; baseline -0.001 -22"><span class='ocrx_word' id='word_1_204' title='bbox 170 2883 276 2958; x_wconf 56' lang='lat' dir='ltr'><strong><em>NE&amp;</em></strong></span> <span class='ocrx_word' id='word_1_205' title='bbox 295 2886 454 2970; x_wconf 78' lang='grc' dir='ltr'><strong><em>γραμμάς,</em></strong></span> <span class='ocrx_word' id='word_1_206' title='bbox 477 2884 514 2950; x_wconf 82' lang='grc' dir='ltr'><strong><em>ἐν</em></strong></span> <span class='ocrx_word' id='word_1_207' title='bbox 536 2882 573 2950; x_wconf 75' lang='grc' dir='ltr'><strong><em>δὲ</em></strong></span> <span class='ocrx_word' id='word_1_208' title='bbox 595 2894 640 2972; x_wconf 78' lang='grc' dir='ltr'><strong><em>τῷ</em></strong></span> <span class='ocrx_word' id='word_1_209' title='bbox 663 2893 723 2949; x_wconf 86' lang='grc' dir='ltr'><strong><em>τοῦ</em></strong></span> <span class='ocrx_word' id='word_1_210' title='bbox 743 2886 1086 2971; x_wconf 78' lang='grc' dir='ltr'><strong><em>παραλληλογράμμου</em></strong></span> <span class='ocrx_word' id='word_1_211' title='bbox 1109 2884 1171 2950; x_wconf 84' lang='grc' dir='ltr'><strong><em>έπε-</em></strong></span> 
     </span>
     <span class='ocr_line' id='line_1_26' title="bbox 117 2990 1174 3079; baseline -0.001 -24"><span class='ocrx_word' id='word_1_212' title='bbox 117 3006 151 3055; x_wconf 78' lang='lat'><strong><em>25</em></strong></span> <span class='ocrx_word' id='word_1_213' title='bbox 170 2990 258 3079; x_wconf 89' lang='grc' dir='ltr'><strong><em>πέδῳ</em></strong></span> <span class='ocrx_word' id='word_1_214' title='bbox 289 2993 346 3068; x_wconf 79' lang='grc' dir='ltr'><strong><em>τὰς</em></strong></span> <span class='ocrx_word' id='word_1_215' title='bbox 373 2996 453 3057; x_wconf 90' lang='grc' dir='ltr'><strong><em>ΛΜ</em></strong></span> <span class='ocrx_word' id='word_1_216' title='bbox 456 2995 497 3076; x_wconf 91' lang='grc' dir='ltr'><strong><em>Γ,</em></strong></span> <span class='ocrx_word' id='word_1_217' title='bbox 520 2992 625 3065; x_wconf 52' lang='lat' dir='ltr'><strong><em>Nar</em></strong></span> <span class='ocrx_word' id='word_1_218' title='bbox 648 2991 792 3068; x_wconf 84' lang='grc' dir='ltr'><strong><em>εὐθείας·</em></strong></span> <span class='ocrx_word' id='word_1_219' title='bbox 824 2991 993 3077; x_wconf 86' lang='grc' dir='ltr'><strong><em>διάμετροι</em></strong></span> <span class='ocrx_word' id='word_1_220' title='bbox 1021 2994 1084 3078; x_wconf 88' lang='grc' dir='ltr'><strong><em>άρα</em></strong></span> <span class='ocrx_word' id='word_1_221' title='bbox 1111 3002 1174 3057; x_wconf 84' lang='grc' dir='ltr'><strong><em>τῶν</em></strong></span> 
     </span>
    </p>
   </div>
   <div class='ocr_carea' id='block_1_3' title="bbox 172 3139 383 3147">
    <p class='ocr_par' dir='ltr' id='par_1_7' title="bbox 172 3139 383 3147">
     <span class='ocr_line' id='line_1_27' title="bbox 172 3139 383 3147; baseline -0.009 0"><span class='ocrx_word' id='word_1_222' title='bbox 172 3139 383 3147; x_wconf 78' lang='lat'>————-—-..</span> 
     </span>
    </p>
   </div>
   <div class='ocr_carea' id='block_1_4' title="bbox 169 3217 1169 3506">
    <p class='ocr_par' dir='ltr' id='par_1_8' title="bbox 169 3217 1169 3506">
     <span class='ocr_line' id='line_1_28' title="bbox 242 3217 1169 3292; baseline -0.004 -18"><span class='ocrx_word' id='word_1_223' title='bbox 242 3227 265 3276; x_wconf 93' lang='lat'><strong><em>1.</em></strong></span> <span class='ocrx_word' id='word_1_224' title='bbox 284 3220 350 3292; x_wconf 75' lang='grc' dir='ltr'><strong><em>κδ’]</em></strong></span> <span class='ocrx_word' id='word_1_225' title='bbox 369 3219 465 3274; x_wconf 79' lang='lat' dir='ltr'>om.V,</span> <span class='ocrx_word' id='word_1_226' title='bbox 521 3225 544 3273; x_wconf 87' lang='lat'><strong><em>6.</em></strong></span> <span class='ocrx_word' id='word_1_227' title='bbox 563 3217 669 3291; x_wconf 81' lang='grc' dir='ltr'><strong><em>βάσεις]</em></strong></span> <span class='ocrx_word' id='word_1_228' title='bbox 688 3237 719 3288; x_wconf 88' lang='lat' dir='ltr'><strong><em>p,</em></strong></span> <span class='ocrx_word' id='word_1_229' title='bbox 739 3217 819 3290; x_wconf 87' lang='grc' dir='ltr'><strong><em>βάσις</em></strong></span> <span class='ocrx_word' id='word_1_230' title='bbox 836 3219 890 3273; x_wconf 86' lang='lat' dir='ltr'><strong><em>Vc.</em></strong></span> <span class='ocrx_word' id='word_1_231' title='bbox 947 3223 987 3273; x_wconf 92' lang='lat'><strong><em>10.</em></strong></span> <span class='ocrx_word' id='word_1_232' title='bbox 1007 3217 1043 3272; x_wconf 88' lang='grc' dir='ltr'><strong><em>τά</em></strong></span> <span class='ocrx_word' id='word_1_233' title='bbox 1057 3219 1128 3290; x_wconf 87' lang='lat' dir='ltr'>(pr)]</span> <span class='ocrx_word' id='word_1_234' title='bbox 1145 3233 1169 3284; x_wconf 90' lang='lat' dir='ltr'><strong><em>p,</em></strong></span> 
     </span>
     <span class='ocr_line' id='line_1_29' title="bbox 170 3289 1167 3364; baseline -0.004 -19"><span class='ocrx_word' id='word_1_235' title='bbox 170 3291 286 3347; x_wconf 80' lang='lat' dir='ltr'><strong>om.Vc.</strong></span> <span class='ocrx_word' id='word_1_236' title='bbox 338 3298 380 3346; x_wconf 74' lang='lat'><strong><em>14.</em></strong></span> <span class='ocrx_word' id='word_1_237' title='bbox 394 3297 416 3344; x_wconf 84' lang='lat' dir='ltr'><em>A</em></span> <span class='ocrx_word' id='word_1_238' title='bbox 431 3291 626 3362; x_wconf 72' lang='grc' dir='ltr'><strong><em>κύκλου]νοφ,</em></strong></span> <span class='ocrx_word' id='word_1_239' title='bbox 641 3291 764 3345; x_wconf 58' lang='grc' dir='ltr'><strong><em>ῇύκλου</em></strong></span> <span class='ocrx_word' id='word_1_240' title='bbox 774 3289 807 3345; x_wconf 91' lang='lat' dir='ltr'><strong><em>V.</em></strong></span> <span class='ocrx_word' id='word_1_241' title='bbox 859 3294 899 3343; x_wconf 80' lang='lat'><strong><em>15.</em></strong></span> <span class='ocrx_word' id='word_1_242' title='bbox 914 3291 1066 3364; x_wconf 87' lang='grc' dir='ltr'><strong><em>κυλίνδρῳ]</em></strong></span> <span class='ocrx_word' id='word_1_243' title='bbox 1081 3297 1167 3356; x_wconf 75' lang='grc' dir='ltr'><strong><em>κυβευ-</em></strong></span> 
     </span>
     <span class='ocr_line' id='line_1_30' title="bbox 169 3359 1168 3435; baseline -0.005 -20"><span class='ocrx_word' id='word_1_244' title='bbox 169 3365 312 3435; x_wconf 83' lang='grc' dir='ltr'><strong><em>λίνδρῳο.</em></strong></span> <span class='ocrx_word' id='word_1_245' title='bbox 384 3361 434 3433; x_wconf 85' lang='grc' dir='ltr'><strong><em>τό]</em></strong></span> <span class='ocrx_word' id='word_1_246' title='bbox 452 3378 490 3414; x_wconf 81' lang='lat' dir='ltr'><strong><em>vo</em></strong></span> <span class='ocrx_word' id='word_1_247' title='bbox 519 3360 698 3430; x_wconf 80' lang='lat' dir='ltr'><strong>‚-6ecorr.</strong></span> <span class='ocrx_word' id='word_1_248' title='bbox 718 3360 841 3416; x_wconf 87' lang='lat' dir='ltr'><strong>m.1V.</strong></span> <span class='ocrx_word' id='word_1_249' title='bbox 917 3362 954 3433; x_wconf 90' lang='lat' dir='ltr'><strong><em>Z]</em></strong></span> <span class='ocrx_word' id='word_1_250' title='bbox 972 3379 1004 3430; x_wconf 80' lang='lat' dir='ltr'><strong><em>p,</em></strong></span> <span class='ocrx_word' id='word_1_251' title='bbox 1028 3359 1168 3416; x_wconf 78' lang='lat' dir='ltr'>szvc.</span> 
     </span>
     <span class='ocr_line' id='line_1_31' title="bbox 207 3431 1169 3506; baseline -0.005 -20"><span class='ocrx_word' id='word_1_252' title='bbox 207 3434 462 3504; x_wconf 77' lang='lat' dir='ltr'>17.BZ]p‚PZ</span> <span class='ocrx_word' id='word_1_253' title='bbox 510 3448 533 3485; x_wconf 87' lang='grc' dir='ltr'><strong><em>ο,</em></strong></span> <span class='ocrx_word' id='word_1_254' title='bbox 589 3437 629 3486; x_wconf 87' lang='grc'><strong><em>18.</em></strong></span> <span class='ocrx_word' id='word_1_255' title='bbox 649 3431 864 3504; x_wconf 73' lang='grc' dir='ltr'><strong><em>τό]ρ,τῷ]ίο.</em></strong></span> <span class='ocrx_word' id='word_1_256' title='bbox 921 3438 962 3487; x_wconf 86' lang='grc'><strong><em>19.</em></strong></span> <span class='ocrx_word' id='word_1_257' title='bbox 985 3435 1054 3506; x_wconf 87' lang='grc' dir='ltr'><strong><em>ΖΓ]</em></strong></span> <span class='ocrx_word' id='word_1_258' title='bbox 1074 3435 1169 3487; x_wconf 70' lang='grc' dir='ltr'><strong><em>ΓΖελ</em></strong></span> 
     </span>
    </p>
   </div>
   <div class='ocr_carea' id='block_1_5' title="bbox 207 3519 1060 3609">
    <p class='ocr_par' dir='ltr' id='par_1_9' title="bbox 207 3519 1060 3609">
     <span class='ocr_line' id='line_1_32' title="bbox 207 3519 1060 3609; baseline 0.008 -21"><span class='ocrx_word' id='word_1_259' title='bbox 207 3541 248 3590; x_wconf 78' lang='lat'><strong><em>22.</em></strong></span> <span class='ocrx_word' id='word_1_260' title='bbox 268 3535 390 3608; x_wconf 85' lang='grc' dir='ltr'><strong><em>ποιείτω]</em></strong></span> <span class='ocrx_word' id='word_1_261' title='bbox 409 3555 436 3606; x_wconf 88' lang='lat' dir='ltr'><strong><em>p,</em></strong></span> <span class='ocrx_word' id='word_1_262' title='bbox 455 3553 523 3590; x_wconf 86' lang='lat' dir='ltr'><strong>corr.</strong></span> <span class='ocrx_word' id='word_1_263' title='bbox 543 3553 576 3590; x_wconf 86' lang='lat' dir='ltr'><strong><em>ex</em></strong></span> <span class='ocrx_word' id='word_1_264' title='bbox 596 3537 670 3608; x_wconf 72' lang='grc' dir='ltr'><strong><em>Ιείτω</em></strong></span> <span class='ocrx_word' id='word_1_265' title='bbox 688 3556 724 3593; x_wconf 89' lang='lat' dir='ltr'><strong><em>m.</em></strong></span> <span class='ocrx_word' id='word_1_266' title='bbox 745 3544 760 3592; x_wconf 80' lang='lat'><strong>2</strong></span> <span class='ocrx_word' id='word_1_267' title='bbox 780 3537 813 3608; x_wconf 89' lang='lat' dir='ltr'><strong><em>V,</em></strong></span> <span class='ocrx_word' id='word_1_268' title='bbox 833 3537 895 3594; x_wconf 84' lang='grc' dir='ltr'><strong><em>είτω</em></strong></span> <span class='ocrx_word' id='word_1_269' title='bbox 913 3557 939 3609; x_wconf 81' lang='lat' dir='ltr'><strong><em>v,</em></strong></span> <span class='ocrx_word' id='word_1_270' title='bbox 959 3538 989 3594; x_wconf 85' lang='grc' dir='ltr'><strong><em>εί</em></strong></span> <span class='ocrx_word' id='word_1_271' title='bbox 998 3519 1018 3593; x_wconf 72' lang='grc' dir='ltr'><strong><em>τω</em></strong></span> <span class='ocrx_word' id='word_1_272' title='bbox 1038 3557 1060 3596; x_wconf 87' lang='grc' dir='ltr'><strong><em>ο.</em></strong></span> 
     </span>
    </p>
   </div>
   <div class='ocr_carea' id='block_1_6' title="bbox 0 0 1251 3938">
    <p class='ocr_par' dir='ltr' id='par_1_10' title="bbox 0 0 1251 3938">
     <span class='ocr_line' id='line_1_33' title="bbox 0 0 1251 3938; baseline 0 0"><span class='ocrx_word' id='word_1_273' title='bbox 0 0 1251 3938; x_wconf 95' lang='lat' dir='ltr'><strong><em> </em></strong></span> 
     </span>
    </p>
   </div>
  </div>
 </body>
</html>
