2574 3934
166 142 209 205 42
437 146 524 198 nm
542 144 758 196 Κωλιωεοον
776 146 913 197 Τοωειε.

166 292 230 353 ΕΒ
254 289 336 372 πρὸς
359 289 396 353 τὸ
419 288 484 353 ὑπὸ
508 298 575 353 τῶν
599 291 674 372 ΓΖ,
694 293 760 352 ΖΔ
778 291 976 354 διπλασίονα
996 291 1096 371 λόγον
1114 291 1187 373 έχει

166 396 250 480 ῇπερ
279 394 300 478 ἡ
328 399 391 459 ΕΒ
420 396 504 480 πρὸς
532 399 611 477 ΖΔ,
639 393 809 460 τουτέστιν
836 398 919 482 ῇιιερ
952 397 972 480 ἡ
1000 400 1067 460 AB
1098 397 1189 481 πρὸς

168 504 243 566 ΓΔ.
285 499 445 566 ἀλλὰκαὶ
468 502 505 566 τὸ
530 501 593 566 άπὸ
616 510 674 584 τῇς
696 507 763 567 ΑΒ
785 503 869 588 πρὸς
891 504 928 567 τὸ
952 502 1016 568 άπὸ
1039 511 1097 587 τῇς
1116 505 1188 567 ΓΔ

168 609 366 673 διπλασίονα
390 612 491 691 λόγον
514 612 579 692 ἔχει
602 610 683 694 ἤπερ
706 608 727 692 ἡ
751 614 817 675 ΑΒ
840 611 924 695 πρὸς
948 613 1025 676 ΓΛ·
1050 610 1095 686 ὡς
1118 612 1187 694 άροι

133 717 205 780 ῠτδ
228 714 292 781 άπὸ
316 724 374 798 τῇς
397 719 463 779 ΑΒ
486 717 569 800 πρὸς
591 716 628 779 τὸ
652 714 716 779 άπὸ
739 724 797 799 τῇς
821 719 899 800 ΓΛ,
928 717 1034 793 οὕτως
1057 717 1094 781 τὸ
1117 716 1187 782 ὑπὸ

167 833 236 888 τῶν
254 827 334 906 ΑΕ,
353 826 418 887 ΕΒ
440 823 524 907 πρὸς
546 823 583 886 τὸ
606 821 671 887 ὑπὸ
690 833 758 886 τῶν
777 826 853 906 ΓΖ,
874 827 953 887 ΖΔ·
977 821 994 887 δ
1014 821 1188 909 προέκειτο

168 927 280 1007 δείξαι.

647 1053 680 1116 ιδ
686 1050 704 1116 ‘.

229 1175 308 1241 Ἐάν
346 1176 524 1261 κύλινδρος
558 1175 700 1264 ἐπιπέδῳ
733 1183 843 1262 τμηθῇ
876 1178 933 1242 διδι
963 1186 1024 1242 τοῦ
1057 1175 1190 1262 ἄξονος,

117 1294 151 1343 10
169 1289 280 1368 τμηθῇ
309 1279 346 1348 δὲ
373 1281 428 1347 καὶ
453 1280 551 1370 ἑτέρῳ
576 1282 717 1371 ἐπιπέδῳ
741 1283 893 1368 τέμνοντι
916 1286 953 1349 τὸ
977 1293 1035 1368 τῇς
1057 1285 1191 1368 βάσεως

170 1389 335 1472 ἐπίπεδον,
358 1388 378 1472 ἡ
403 1386 438 1454 δέ
461 1391 556 1474 κοινὴ
579 1391 661 1474 τομὴ
685 1399 745 1454 τοῦ
768 1415 802 1455 τε
825 1400 882 1475 τῇς
903 1391 1030 1474 βάσεως
1047 1388 1103 1455 καὶ
1122 1401 1188 1457 τοῦ

168 1495 344 1580 τέμνοντος
371 1496 528 1562 ἐπιπέδου
555 1498 638 1580 πρὸς
666 1496 772 1582 ὀρθάς
799 1492 820 1583 ᾗ
848 1507 887 1583 τῇ
915 1497 1009 1581 βάσει
1037 1506 1097 1562 τοῦ
1127 1499 1189 1563 διδι

168 1613 228 1667 τοῦ
252 1601 369 1681 άξονος
391 1603 736 1689 παραλληλογράμμου
759 1601 779 1685 ἢ
802 1612 842 1688 τῇ
865 1600 915 1666 ἐπ’
937 1603 1071 1680 εὐθείας
1089 1603 1190 1691 αὐτῇ,

169 1709 232 1774 άπὸ
258 1706 294 1775 δὲ
317 1719 375 1793 τῇς
397 1719 499 1794 τομῇς
521 1710 610 1794 άχθῇ
633 1733 683 1785 τις
707 1708 760 1773 ἐπὶ
783 1710 844 1792 τὴν
863 1709 1041 1794 διάμετρον
1058 1711 1190 1794 παράλ-

117 1827 149 1876 15
168 1822 266 1899 ληλος
284 1825 323 1900 τῇ
342 1814 495 1901 εἰρημένη
514 1825 610 1901 κοινῇ
629 1825 710 1900 τομῇ
730 1826 797 1881 τῶν
815 1814 989 1896 ἐπιπέδων,
1007 1815 1027 1898 ἡ
1043 1816 1191 1900 ἀχθεῖσα

168 1924 349 2005 δυνήσεταί
363 1946 396 1987 τι
414 1925 547 2007 χωρίον,
566 1924 649 2008 πρὸς
668 1921 685 1987 ὃ
705 1923 741 1987 τὸ
760 1923 825 1987 ὑπὸ
844 1933 911 1986 τῶν
930 1922 1106 2006 τμημάτων
1126 1933 1190 2008 τῇς

168 2025 346 2113 διαμέτρου
373 2038 431 2112 τῇς
458 2038 560 2112 τομῇς
587 2032 688 2112 λόγον
712 2032 791 2112 ἔχει,
821 2027 860 2093 δν
882 2029 919 2093 τὸ
943 2028 1007 2094 ἀπὸ
1030 2038 1088 2112 τῇς
1111 2031 1189 2094 δια-

168 2132 290 2218 μέτρου
326 2144 383 2217 τῇς
416 2143 515 2219 τομῇς
546 2137 629 2220 πρὸς
661 2137 698 2200 τὸ
731 2134 794 2200 άπὸ
826 2143 884 2218 τῇς
916 2133 1094 2220 διαμέτρου
1127 2146 1191 2220 τῇς

168 2241 303 2324 βάσεως.

115 2360 149 2408 20
236 2350 317 2412 ἔστω
346 2349 538 2434 κύλινδρος,
567 2343 608 2413 οὗ
636 2349 749 2432 βάσεις
776 2344 837 2432 μέν
865 2348 900 2412 oc
926 2353 972 2431 A,
999 2352 1027 2412 Β
1056 2350 1188 2434 κύκλοι,

168 2457 205 2521 τὸ
229 2451 266 2520 δέ
290 2456 346 2520 διά
368 2464 428 2520 τοῦ
452 2453 569 2533 άξονος
591 2458 934 2540 παραλληλόγραμμον
961 2455 999 2519 τὸ
1024 2457 1105 2540 ΓΔ,
1128 2456 1187 2522 καί

169 2563 341 2645 τετμήσθω
370 2562 387 2626 ὁ
419 2562 598 2646 κύλινδρος
628 2559 769 2648 ἐπιπέδῳ
800 2564 1020 2645 συμπίπτοντι
1051 2571 1096 2649 τῷ
1127 2573 1188 2647 τῇς

169 2667 296 2751 βάσεως
319 2665 460 2754 ἐπιπέδῳ
484 2665 556 2731 κατ’
582 2667 719 2732 εύθείαν
742 2667 852 2752 ὀρθὴν
873 2668 957 2752 πρὸς
981 2669 1046 2730 ΓΑ
1069 2667 1186 2753 ἐκβλη-

168 2780 303 2859 θεῖσαν,
326 2771 381 2838 καὶ
405 2776 486 2838 έστω
509 2773 530 2856 ἡ
554 2772 712 2857 γενομένη
735 2774 817 2857 τομὴ
841 2772 861 2855 ἡ
884 2777 1002 2856 ΕΖΗ,
1028 2776 1124 2859 κοινὴ
1149 2773 1187 2841 δὲ
1276 2849 1277 2880 1

117 2892 151 2942 25
169 2882 252 2964 τομῇ
284 2888 344 2945 τοῦ
371 2880 715 2965 παραλληλογράμμου
742 2878 798 2944 καὶ
825 2887 885 2943 τοῦ
912 2877 1089 2963 τέμνοντος
1117 2881 1186 2948 ἐπι-
1275 2909 1277 2936 ⁴

169 2985 273 3052 πέδου
302 2987 323 3070 ἡ
351 2991 425 3051 ΕΗ
450 2986 622 3071 διάμετρος
645 2981 729 3051 οὖσα
751 2994 809 3069 τῇς
831 2994 945 3069 τομῇς,
972 2986 1018 3062 ὡς
1041 2987 1187 3073 ἐδείχθη.
1276 2989 1277 3000 ’

170 3091 358 3178 ληφθέντος
390 3093 431 3159 δέ
459 3117 550 3170 τινος
582 3095 718 3176 σημείου
755 3090 807 3157 ἐπὶ
844 3101 901 3175 τῇς
933 3101 1034 3176 τομῇς
1065 3103 1125 3158 τοῦ
1158 3101 1185 3160 Ζ
1276 3115 1277 3128 ’

169 3202 324 3285 κατῇχθω
353 3199 409 3265 ἀπ’
435 3200 539 3265 αὐτοῦ
563 3198 615 3264 ἐπὶ
638 3200 700 3282 τὴν
723 3198 899 3284 διάμετρον
921 3199 1038 3264 εὐθεῖα
1060 3203 1187 3286 παράλ-

243 3439 266 3487 1,
288 3433 351 3504 ΖΔ]
370 3451 402 3502 p,
427 3447 480 3485 om.
499 3430 553 3484 Vc.
627 3434 651 3483 2.
670 3427 787 3500 ἡ(ο1λ.)]
808 3445 892 3498 supra
911 3445 962 3483 scr.
981 3446 1017 3484 m.
1039 3435 1053 3484 1
1073 3447 1097 3484 υ.
1160 3437 1186 3488 5.

170 3499 268 3574 οὕτως]
289 3502 360 3558 οὕτω
378 3522 405 3573 p.
493 3508 517 3555 6.
537 3499 552 3555 ὃ
571 3497 717 3569 προέκειτο
738 3501 839 3573 δείξαι]
858 3517 911 3556 om.
931 3519 957 3570 p.
1040 3507 1065 3556 8.
1085 3501 1139 3573 ιδ’]
1157 3521 1185 3574 p,
