2488 3938
181 190 243 254 126
369 145 374 156 ⁶
493 193 581 243 ΠΕΡΙ
597 191 726 243 Κωαον
744 194 879 246 Toum.

247 338 327 400 έστω
347 336 409 421 γᾶρ
430 333 482 400 ἐπὶ
501 343 558 420 τῆς
576 333 791 420 προκειμένης
809 347 1024 424 καταγραφῆς
1041 339 1076 402 τὸ
1090 343 1120 402 Α
1126 340 1189 402 ΓΔ

180 445 343 526 τρίγωνον
366 451 412 529 τῷ
432 445 533 505 ΑΕΖ
557 442 683 525 ὅμοιον.
721 440 815 526 λέγω,
839 443 889 508 ὅτι
911 442 968 507 καὶ
994 449 1067 509 ἴσον
1089 443 1187 508 ἐστίν.

248 547 315 613 ἐπεὶ
339 548 416 634 γάρ,
445 548 489 624 ώς
511 548 531 632 ἡ
555 551 626 612 ΑΓ
642 550 725 634 πρὸς
749 552 823 633 ΓΔ,
847 549 954 626 οὕτως
976 549 996 633 ἡ
1020 555 1087 614 ΑΕ
1106 552 1188 636 πρὸς

178 659 256 739 ΕΖ,
284 653 339 719 καὶ
367 652 504 732 ἐναλλὰξ
532 656 605 740 ἄρα.
660 657 827 720 καίείσιν
856 661 924 720 ἴσαι
953 657 990 720 αἱ
1011 660 1085 740 ΓΑ,
1107 662 1185 721 ΕΑ·

144 768 248 826 ᾶᾶσαι
277 764 340 846 ἄρα
367 759 422 826 καὶ
450 762 488 826 αἱ
511 764 584 844 ΓΛ,
608 765 680 825 ΕΖ.
735 763 775 827 τὰ
804 759 841 826 δὲ
869 761 922 827 ἐπὶ
952 767 1035 828 ἴσων
1061 764 1187 847 βάσεων

178 871 324 953 τρίγωνα
347 868 384 933 έν
406 879 476 944 τοῖς
499 867 617 954 ὀρθοῖς
639 870 759 944 κώνοις
783 874 837 933 ἴσα
861 868 963 934 ἐστίν·
988 876 1044 935 ἴσα
1067 872 1127 956 ἄρα
1145 870 1184 934 τὰ

179 978 287 1058 ΑΓΔ,
307 979 408 1039 ΑΕΖ
430 978 584 1060 τρίγωνα.

664 1194 703 1234 ε.

242 1291 319 1358 Ἐἄν
335 1303 442 1370 κῶνος
460 1292 564 1378 ὀρθὸς
583 1292 749 1370 ἐπιπέδοις
767 1301 878 1380 τμηθῇ
898 1295 953 1359 διὰ
967 1305 1025 1379 τῆς
1038 1303 1183 1382 κορυφῆς

126 1417 159 1464 10
178 1409 223 1488 τῷ
247 1396 308 1484 μὲν
332 1401 387 1465 διὰ
410 1409 470 1464 τοῦ
493 1398 624 1484 ἄξονος,
652 1410 721 1477 τοῖς
749 1396 785 1464 δὲ
813 1400 905 1477 ἐκτὸς
927 1410 988 1466 τοῦ
1011 1401 1136 1483 ἄξονος,
1163 1399 1180 1463 ὁ

178 1504 215 1572 δὲ
238 1506 326 1585 ἄξων
348 1515 407 1571 τοῦ
430 1509 540 1572 κώνου
564 1509 608 1591 μὴ
630 1507 773 1573 ἐλάττων
796 1501 817 1592 ᾗ
840 1516 898 1591 τῆς
916 1507 951 1572 ἐκ
970 1516 1030 1573 τοῦ
1049 1508 1179 1594 κέντρου

177 1624 235 1700 τῆς
262 1615 403 1698 βάσεως,
436 1624 504 1678 τῶν
530 1613 715 1698 γινομένων
747 1613 783 1678 έν
812 1624 858 1702 τῷ
886 1616 981 1702 κώνῳ
1015 1617 1179 1702 τριγώνων

176 1721 332 1807 μέγιστον
355 1724 445 1786 ἔσται
468 1723 505 1786 τὸ
530 1723 586 1786 διὰ
608 1729 667 1785 τοῦ
690 1719 815 1799 ἄξονος.

244 1832 326 1894 έστω
349 1839 466 1912 κῶνος,
490 1823 531 1893 οὗ
553 1829 685 1914 κορυφὴ
706 1825 766 1912 μὲν
784 1829 822 1892 τὸ
840 1833 883 1911 Α,
906 1827 1002 1911 βᾶσις
1020 1826 1057 1892 δὲ
1074 1829 1091 1893 ὁ
1108 1824 1176 1912 περὶ

126 1951 156 1999 15
177 1938 214 2001 τὸ
237 1941 266 2000 Β
289 1933 427 2022 κέντρον
449 1937 583 2019 κύκλος,
611 1933 698 2013 ἄξων
722 1932 758 2000 δὲ
781 1935 798 2000 ὁ
823 1939 897 1998 ΑΒ.
943 1934 1123 2019 τμηθέντος
1143 1930 1176 1997 δὲ

176 2051 236 2107 τοῦ
259 2044 369 2108 κώνου
398 2043 454 2107 διὰ
483 2051 541 2125 της
566 2050 716 2127 κορυφῆς
744 2042 937 2125 γεγενήσθω
960 2045 1104 2127 τρίγωνα
1126 2040 1175 2104 διὰ
1232 2035 1233 2038 '

176 2146 236 2233 μέν
254 2157 314 2214 τοῦ
333 2147 449 2227 ἄξονος
466 2151 503 2214 τὸ
518 2153 626 2233 ΑΓΔ,
651 2149 741 2226 ἐκτὸς
760 2145 797 2212 δέ
810 2157 871 2214 τοῦ
885 2147 1002 2226 ἄξονος
1021 2151 1058 2214 τὸ
1074 2151 1175 2227 ΑΕΖ,

175 2254 231 2322 καὶ
257 2260 380 2322 κείσθω
412 2256 620 2341 παράλληλος
647 2254 667 2338 ἡ
696 2260 759 2320 ΕΖ
792 2264 831 2340 τῇ
861 2259 935 2338 ΓΔ,
968 2255 986 2320 ὁ
1020 2253 1056 2320 δέ
1087 2253 1173 2334 ἄξων,

175 2362 347 2430 τουτέστιν
373 2364 393 2448 η
421 2367 486 2428 ΑΒ
514 2362 643 2444 εὐθεῖα,
674 2364 718 2446 μὴ
747 2362 891 2428 έλᾶττων
918 2365 1001 2427 ἔστω
1029 2373 1087 2447 τῆς
1110 2363 1171 2426 ΒΓ.

123 2484 157 2532 20
176 2469 274 2554 λέγω,
302 2471 352 2536 ὅτι
379 2471 415 2536 τὸ
444 2473 543 2534 ΑΓΔ
569 2473 734 2556 τρίγωνον
760 2473 871 2553 μεῖζόν
898 2468 966 2534 έστι
994 2479 1055 2534 τοῦ
1083 2471 1171 2534 ΑΕΖ

176 2579 350 2663 τριγώνου.

243 2681 425 2765 ἐπεζεύχθω
454 2682 474 2765 ἡ
502 2686 580 2766 ΒΕ,
611 2680 667 2747 καὶ
694 2681 757 2748 ἄπὸ
785 2691 845 2747 τοῦ
869 2687 897 2746 Β
924 2683 1068 2760 κάθετος
1088 2685 1171 2767 ἤχθω

176 2787 229 2854 ἐπὶ
256 2790 316 2872 τὴν
339 2792 402 2851 ΕΖ
430 2787 449 2870 ἡ
473 2791 558 2853 ΒΗ·
592 2791 668 2873 δίχα
696 2791 759 2874 ἄρα
786 2788 939 2874 τέτμηται
967 2790 988 2874 ἡ
1011 2795 1076 2854 ΕΖ
1101 2786 1171 2854 κατὰ

175 2898 212 2962 τὸ
235 2900 278 2960 Η.
324 2893 507 2978 ἐπεζεύχθω
536 2895 666 2979 ηΑΗ·
699 2896 719 2980 η
743 2900 819 2960 ΑΗ
842 2897 905 2982 ἄρα
928 2895 1070 2972 κᾶθετός
1092 2895 1170 2960 ἐστιν

122 3017 155 3064 25
176 3001 228 3068 ἐπὶ
251 3005 312 3087 τὴν
330 3006 406 3066 ΕΖ·
431 2999 595 3078 ἰσοσκελὲς
617 3003 680 3088 γὰρ
704 3004 740 3068 τὸ
760 3008 825 3067 ΕΑ
833 3007 868 3067 Ζ.
905 3000 975 3068 ἐπεὶ
993 2998 1057 3068 οὖν
1078 3003 1098 3085 ἡ
1116 3001 1169 3064 ΑΒ

176 3111 236 3175 ούκ
260 3109 349 3175 ἐστιν
372 3107 516 3174 ε’λᾶττων
538 3118 595 3192 τῆς
619 3109 653 3174 ἐκ
677 3118 737 3173 τοῦ
755 3108 895 3195 κέντρου
918 3118 976 3193 τῆς
994 3114 1068 3192 ΒΕ,
1091 3107 1169 3172 ἐλύτ-

175 3241 241 3282 των
269 3214 306 3282 δὲ
334 3217 353 3300 η
378 3220 451 3280 ΕΗ
474 3224 531 3300 τῆς
553 3219 632 3299 ΒΕ,
664 3214 684 3298 η
712 3218 776 3302 ἄρα
800 3220 864 3280 ΑΒ
892 3218 1010 3300 μείζων
1036 3213 1102 3280 ἐστὶ
1123 3221 1169 3294 τῆς

246 3482 270 3530 3.
290 3475 355 3547 γάρ]
375 3475 427 3544 γᾶρ
448 3477 520 3531 ἐστιν
539 3496 565 3546 p.
652 3484 676 3532 4.
698 3479 767 3549 ΕΖ]
787 3495 837 3547 cp3
862 3464 968 3545 mv,
993 3495 1047 3547 mg.
1069 3477 1162 3531 Zm.l

176 3561 255 3598 enan.
312 3547 374 3616 EA]
396 3551 474 3600 ΓΕΑ
488 3548 619 3617 Vc‚AE
636 3567 663 3617 p.
720 3547 1163 3620 7.AEZ]Com1n.‚AEZVep.
1227 3583 1228 3606 ι
