2592 3932
192 183 257 246 250
505 187 593 237 ΠΕΡΙ
609 186 738 238 Κοαου
755 186 892 242 υοΜΗΣ.

258 327 340 411 ε’πεί,
369 327 413 403 ὡς
440 329 477 392 τὸ
506 333 608 392 ΕΑΖ
635 330 718 415 πρὸς
744 331 781 393 τὸ
813 332 929 413 ΓΑΔ,
957 329 1107 412 οὕτωςὴ
1136 332 1198 392 ΒΑ
1261 327 1262 360 ³

194 435 276 518 πρὸς
307 438 393 518 ΑΗ,
426 434 470 510 ὡς
503 432 539 499 δέ
569 436 607 500 τὸ
639 440 739 500 ΕΑΖ
771 437 854 522 πρὸς
883 439 995 520 ΓΑΔ,
1027 435 1136 511 οὕτως
1166 436 1198 499 τὸ

194 544 291 605 ΓΑΔ
309 542 391 626 πρὸς
412 544 531 624 ΘΑΚ,
550 540 604 605 καὶ
622 543 660 606 τὸ
678 544 742 627 ἄρα
762 546 860 607 ΓΑΔ
877 543 961 628 πρὸς
982 545 1089 608 ΘΑΚ
1106 541 1199 624 ε’στιν,

193 647 238 724 ὡς
264 648 284 730 ἡ
313 651 380 711 BA
406 648 489 732 πρὸς
517 652 597 712 ΑΗ.
648 648 693 724 ὡς
720 645 756 713 δὲ
783 650 820 713 τὸ
849 652 948 713 ΓΑΔ
975 650 1058 734 πρὸς
1088 650 1198 729 ΘΑΚ,

159 754 299 829 υοῦτως
325 752 345 835 ἡ
373 758 436 818 ΒΖ
463 755 546 839 πρὸς
573 758 651 838 ΘΚ,
679 753 848 819 τουτέστιν
875 756 896 839 ἡ
920 759 989 819 ΒΚ
1011 755 1097 841 πρὸς
1120 756 1198 817 ΚΗ’

193 857 247 923 καὶ
271 860 315 936 ὡς
338 862 401 940 ἄρα
424 859 444 943 ἡ
464 865 530 925 ΒΑ
552 862 635 946 πρὸς
653 865 738 944 ΑΗ,
762 861 867 938 οὕτως
889 861 910 944 ἡ
930 865 1000 925 ΒΚ
1019 862 1105 947 πρὸς
1123 862 1198 940 ΚΗ,

192 970 250 1031 καί
266 966 356 1032 ἐστιν
374 967 470 1051 ὅμοια
488 968 528 1031 τὰ
547 971 668 1051 BAH,
683 970 793 1032 BKH
807 970 952 1053 τρίγωνα
971 965 1027 1032 καὶ
1046 967 1197 1051 ὁμόλογοι

193 1075 230 1137 αἱ
250 1077 330 1156 ΑΒ,
354 1076 428 1137 ΒΚ.
466 1079 519 1157 ἴση
543 1075 608 1154 ἄρα
632 1074 736 1157 ἡΑΒ
759 1085 798 1160 τῇ
818 1077 886 1138 ΒΚ
906 1073 941 1138 ἐκ
964 1083 1024 1138 τοῦ
1048 1071 1197 1158 κέντρου·

193 1178 210 1242 ὃ
233 1178 401 1264 προέκειτο
425 1177 537 1256 δεῖξαι.

140 1304 174 1354 10
259 1283 325 1349 Καὶ
348 1287 591 1369 συναπεὸείχθη
614 1285 692 1351 καθ’
714 1285 870 1371 ἑκατέραν
892 1297 959 1351 τῶν
982 1285 1129 1369 δείξεων,
1151 1285 1196 1348 ὅτι

191 1393 227 1456 τὸ
251 1396 318 1456 BA
325 1397 352 1455 Z
373 1395 538 1477 τρίγωνον
560 1402 605 1480 τῷ
631 1397 736 1458 ΘΑΚ
756 1393 872 1478 ὅμοιόν
895 1392 997 1458 ἐστιν·
1025 1387 1073 1469 ὧς
1095 1389 1194 1476 γὰρ]

192 1503 255 1562 ΕΖ
282 1500 365 1587 πρὸς
394 1503 473 1582 ΘΚ,
501 1499 606 1574 οὕτως
632 1499 653 1582 ἡ
680 1502 748 1564 ΒΑ
774 1501 857 1585 πρὸς
879 1504 959 1564 ΑΗ.
1005 1498 1062 1564 καὶ
1090 1501 1137 1564 ἔτι
1164 1496 1195 1559 τὸ

191 1602 251 1689 μὲν
274 1611 374 1670 ΕΑΖ
397 1607 479 1692 πρὸς
501 1607 538 1671 τὸ
562 1609 666 1670 ΘΑΚ
686 1606 883 1671 διπλασίονα
906 1609 1008 1688 λόγου
1031 1610 1097 1690 ἔχει
1120 1605 1193 1686 ἤπερ

191 1713 227 1776 τὸ
253 1716 353 1778 ΓΑΔ
375 1714 457 1798 πρὸς
479 1713 516 1776 τὸ
538 1716 648 1777 ΘΑΚ.
690 1715 747 1776 καί
767 1711 835 1776 ἐστι
858 1713 895 1777 τὸ
916 1714 1013 1776 ΓΑΔ
1036 1715 1194 1798 τρίγωνον

142 1837 173 1885 15
192 1821 274 1902 πρὸς
309 1820 345 1884 τὸ
381 1822 497 1903 ΘΑΚ,
534 1820 578 1895 ὡς
613 1818 633 1901 ἡ
667 1822 746 1902 ΓΔ,
782 1816 952 1883 τουτέστιν
989 1819 1034 1895 ὡς
1071 1818 1091 1901 ἡ
1123 1818 1194 1896 ΒΖ,

190 1927 272 2008 πρὸς
298 1928 375 1990 ΘΚ·
404 1926 486 1990 ὥστε
513 1926 549 1990 τὸ
573 1929 674 1990 ΕΑΖ
700 1927 783 2010 πρὸς
810 1927 846 1990 τὸ
873 1928 978 1990 ΘΑΚ
985 1917 1193 1990 ’διπλασίονα

191 2034 291 2113 λόγον
328 2034 392 2113 ἔχει
428 2043 495 2096 τῶν
527 2033 698 2116 ὁμολόγων
729 2037 882 2117 πλευρῶν
914 2043 980 2096 τῶν
1013 2036 1092 2115 ΒΖ,
1126 2028 1192 2092 ΘΚ.

193 2139 289 2222 ὅμοια
311 2139 375 2223 ἄρα
398 2139 438 2201 τᾶ
460 2143 575 2222 ΕΑΖ,
606 2142 716 2203 ΘΑΚ.
763 2139 846 2202 ὥστε
869 2140 1031 2223 φανερόν,
1056 2139 1120 2220 ὅτι,
1141 2132 1191 2197 ἐὰν

190 2245 300 2309 κώνου
333 2249 499 2326 σκαληνοῦ
533 2245 550 2310 ὁ
581 2243 669 2322 ἄξων
697 2251 768 2320 ἴσος
794 2239 816 2329 ᾖ
843 2253 882 2329 τῇ
911 2243 946 2308 ἐκ
972 2253 1033 2308 τοῦ
1061 2243 1191 2326 κέντρου

139 2367 173 2416 20
192 2361 249 2436 τῆς
271 2352 407 2436 βάσεως,
430 2351 467 2415 τὸ
490 2352 572 2436 πρὸς
595 2351 702 2436 ὀρθὰς
724 2361 763 2436 τῇ
786 2350 879 2435 βᾶσει
902 2347 1067 2425 ἰσοσκελὲς
1086 2347 1190 2434 ὅμοιόν

192 2458 259 2523 ἐστι
286 2469 331 2546 τῷ
359 2459 415 2522 διὰ
442 2467 501 2522 τοῦ
529 2456 646 2535 ἄξονος
674 2460 845 2522 ίσοσκελεῖ·
876 2455 931 2521 καὶ
959 2456 1189 2543 ἀντιστρόφως,

191 2564 251 2646 ὅτι,
280 2564 337 2629 έᾶν
365 2566 401 2629 τὸ
428 2566 511 2649 πρὸς
538 2563 644 2650 ὀρθὰς
672 2573 711 2648 τῇ
734 2564 829 2647 βάσει
853 2559 1016 2639 ἰσοσκελές
1039 2548 1188 2647 ὅμοιονῇ

190 2679 235 2756 τῷ
259 2670 315 2734 διὰ
338 2680 397 2734 τοῦ
421 2669 537 2748 ἄξονος
562 2672 735 2753 ἰσοσκελεῖ,
758 2671 775 2736 ὁ
800 2668 887 2748 ἄξων
910 2679 970 2734 τοῦ
993 2671 1105 2735 κώνου
1129 2673 1189 2737 ἶσος

191 2777 280 2838 ἔσται
307 2786 346 2860 τῇ
375 2774 409 2839 ἐκ
437 2785 496 2839 τοῦ
523 2775 662 2862 κέντρου
689 2786 746 2861 τῆς
769 2777 907 2860 βᾶσεως·
935 2774 990 2840 καὶ
1013 2786 1111 2841 τοῦτο
1133 2770 1187 2856 γὰρ

138 2897 172 2946 25
191 2881 431 2964 εὐκατανόητον
454 2881 489 2946 ἐκ
512 2893 579 2947 τῶν
601 2883 664 2966 ἤδη
688 2881 898 2966 δειχθέντων.

262 3119 285 3166 1.
310 3108 386 3182 ἐπεί]
412 3110 472 3164 ἐπεὶ
491 3109 543 3179 γάρ
566 3129 592 3179 p.
684 3116 708 3164 2.
733 3110 803 3177 πρός
819 3110 906 3182 (alt.)]
930 3109 1000 3178 πρὸς
1017 3109 1049 3164 τό
1073 3128 1099 3179 p.
1165 3107 1184 3153 3·

193 3182 472 3253 &Amutrumquep
500 3182 531 3236 τὸ
552 3183 637 3235 ΘΑΚ
661 3199 688 3251 p.
779 3181 835 3250 ἄρα
860 3182 957 3251 ΓΑΔ]
986 3184 1068 3235 ΓΑΔ
1086 3180 1139 3249 ἄρα
1162 3190 1183 3242 P·

226 3259 250 3308 4.
272 3255 363 3324 ΓΑΔ]
382 3269 397 3307 e
413 3269 480 3306 corr.
498 3271 525 3322 p.
583 3253 683 3322 ΘΑΚ]
702 3271 728 3321 v,
746 3253 777 3307 τὸ
794 3254 879 3308 ΘΑΚ
895 3270 923 3322 p,
942 3256 1027 3306 ΔΑΚ
1041 3269 1068 3320 ις
1090 3253 1184 3307 Θιοπ.

192 3340 226 3376 ex
244 3331 269 3379 Δ
287 3343 322 3378 m.
343 3331 357 3377 1
377 3325 411 3392 V,
439 3329 467 3377 K
483 3339 578 3392 eum,
606 3341 661 3392 mg.
682 3329 700 3390 †
721 3325 807 3379 ΘΑΚ
826 3356 856 3364 —-
876 3342 911 3380 m.
931 3339 985 3378 rec.
1059 3328 1084 3378 8.
1104 3321 1143 3393 ἐκ]
1158 3321 1184 3384 τῇ

192 3392 222 3447 ἐκ
240 3413 267 3463 p.
357 3401 381 3449 9.
406 3391 583 3462 ὃπροέκειτο
603 3395 704 3466 δεῖξαι]
728 3412 781 3448 om.
800 3414 827 3465 p.
921 3399 962 3450 10.
985 3391 1120 3463 ἑκατέραν
1147 3393 1184 3450 09,

193 3461 288 3531 ἑτέραν
307 3465 363 3533 Vp.
442 3474 483 3519 11.
502 3468 638 3534 τρίγωνον
658 3497 690 3505 -
712 3472 752 3520 12.
773 3466 902 3589 Ezpbis
922 3483 944 3521 ο.
1024 3471 1064 3520 12.
1086 3465 1125 3521 ἔτι
1151 3457 1186 3513 ὅτι

191 3531 296 3602 chp,
316 3551 383 3590 corr.
398 3535 508 3603 Halley.
574 3543 614 3591 13.
634 3533 697 3608 μέν]
716 3535 779 3590 fort.
797 3538 831 3592 de
844 3537 954 3592 endum.
1017 3538 1109 3608 EAZ]
1129 3546 1186 3599 vop,
