2504 3928
383 194 451 244 ‚nn
470 196 647 249 suenone
667 197 763 250 coru.
1024 198 1086 262 195

77 339 197 404 circum
231 344 259 404 B
297 344 444 405 centrum
480 340 676 425 descriptus,
712 339 868 426 trianguli
903 347 1012 410 autem
1047 342 1087 409 ed

76 446 233 512 circulum
263 446 573 531 perpendiculariter
600 468 659 532 per
691 469 783 511 axem
811 448 898 513 ducti
926 450 1015 516 basis
1043 451 1087 516 sit

75 555 180 638 ΓΒΔ,
200 558 235 617 et
254 557 395 629 [ΑΒΔ
412 553 519 618 minor
538 553 581 618 sit
600 558 699 639 recto,
716 553 765 618 ita
782 559 819 618 ut
833 558 899 618 AB
918 557 1085 641 adportes

72 666 104 722 A
125 682 244 724 uersus
272 659 429 726 inclinata
457 660 512 744 sit,
541 664 575 724 et
601 663 667 724 AB
694 682 761 724 non
788 661 893 725 minor
919 662 962 727 sit
985 663 1085 728 radio

74 765 150 851 dico,
173 767 378 852 triangulum
401 766 639 851 cequicmrium
662 789 719 851 per
743 771 807 832 AB
831 769 964 833 ductum
986 771 1086 835 maxi-

10 911 11 914 =
71 895 156 937 mum
177 896 251 938 esse
268 873 506 959 triangulorum
525 873 810 960 aequicruriorum‚
828 874 883 959 qui
902 874 1086 941 efficiantur

71 979 153 1044 inter
177 984 303 1066 puncta
325 983 368 1063 B,
391 984 424 1042 Δ
445 979 540 1042 beses
563 979 730 1043 habentes.

635 1091 782 1151 sumatur
795 1087 829 1151 in
843 1091 911 1151 BA
927 1092 1084 1173 punctum

448 1208 452 1215 ¹
581 1192 712 1278 aliquod
735 1199 778 1278 E,
803 1198 836 1259 et
860 1195 900 1258 ed
924 1197 989 1259 ΓΔ
1011 1217 1084 1279 per-

580 1301 802 1385 pendiculares
825 1302 860 1365 in
884 1301 1007 1367 circulo
1029 1302 1085 1366 du-

581 1411 695 1471 cantur
718 1411 796 1491 BZ,
820 1412 904 1485 EH,
934 1408 1084 1474 ducatur-

582 1534 643 1596 que
667 1518 742 1577 AE.

633 1623 700 1684 BA
717 1619 820 1705 igitur
835 1625 926 1685 recta
939 1626 1009 1685 ΑΕ
1025 1626 1083 1685 sut

579 1726 686 1790 minor
705 1730 754 1791 est
774 1731 912 1791 autnon
931 1727 1046 1792 minor.

631 1833 698 1896 iam
711 1837 920 1918 supponatur,
934 1855 1001 1897 non
1011 1856 1081 1898 esse

580 1945 646 2004 BA
657 1945 774 2011 <An
808 1939 961 2025 quoniam
979 1940 1082 2027 igitur

578 2069 645 2112 non
681 2052 731 2112 est
766 2051 989 2131 BA<AE‚
1026 2049 1082 2112 sed

579 2158 656 2218 ΕΗ
664 2164 699 2228 <
713 2157 776 2218 ΒΖ
800 2153 910 2238 [Eucl.
929 2153 989 2234 IH,
1013 2155 1081 2239 15]‚

579 2262 642 2326 erit
669 2264 1081 2337 AB:AE>EH:BZ;

577 2369 688 2451 itaque

592 2478 658 2540 AB
672 2490 715 2543 ><
730 2479 793 2538 ΒΖ
807 2487 840 2547 >
856 2481 888 2539 Α
893 2478 925 2537 Ε
937 2490 980 2540 ><
994 2478 1069 2539 ΕΗ

73 2577 173 2669 [prop.
191 2584 230 2669 Ι].
277 2607 390 2650 uerum
418 2583 607 2670 reetangulo
635 2586 701 2646 AB
715 2597 758 2650 ><
774 2584 836 2645 ΒΖ
862 2581 1005 2665 aequalis
1030 2585 1080 2647 est

73 2687 249 2777 triangulus
282 2690 388 2756 basim
419 2690 543 2755 habens
579 2691 673 2753 232
703 2693 736 2753 et
772 2687 977 2754 altitudinem
1013 2693 1079 2754 AB

73 2789 173 2874 [Euol.
191 2798 221 2882 Ι,
239 2796 312 2881 41],
341 2797 403 2863 hoc
432 2802 482 2862 est
505 2797 610 2882 [prop.
629 2795 740 2880 XXII]
763 2796 945 2880 triangulus
969 2796 1079 2880 aequi-

75 2905 192 2969 erarius
212 2927 270 2989 per
289 2926 382 2968 exem
400 2904 527 2988 ductus,
549 2901 738 2987 rectungulo
758 2907 866 2966 autem
884 2907 949 2967 AE
956 2919 999 2972 ><
1009 2907 1084 2967 ΕΗ

74 3012 209 3093 aequalis
238 3015 288 3075 est
315 3011 511 3096 triangulus,
539 3009 594 3093 qui
616 3008 723 3074 busim
745 3009 845 3072 hebet
867 3003 979 3091 2311,
1003 3008 1078 3072 elti-

74 3113 211 3182 tudinem
239 3121 349 3182 autem
375 3120 445 3181 ΑΕ
468 3117 574 3201 [Eucl.
598 3115 719 3200 1,41];
750 3115 860 3200 itaque
892 3115 1076 3200 triangulus

74 3224 286 3305 aequicrurius
322 3245 381 3308 per
415 3245 508 3287 axem
544 3223 667 3306 duetus
695 3221 798 3286 maior
830 3225 880 3285 est
912 3220 1076 3306 triangulo

76 3329 268 3414 aequicrurio
294 3351 353 3414 per
380 3335 448 3395 ΑΕ
472 3330 579 3394 ducto.
630 3327 782 3392 similiter
811 3332 920 3392 autom
947 3328 1076 3392 demon-

76 3435 198 3523 suatur,
220 3437 318 3502 etiam
342 3436 485 3500 omnium
504 3435 742 3520 triangulorum
765 3434 850 3499 inter
871 3438 909 3520 B,
926 3439 960 3499 A
981 3435 1075 3498 bases

76 3532 254 3608 habentium
269 3542 444 3608 maximum
460 3563 529 3606 esse
543 3540 743 3626 triangulum
757 3564 814 3626 per
828 3563 921 3606 exem
935 3541 1074 3606 ductum.

865 3645 915 3698 13*
