2574 3934
169 157 189 220 6
438 160 525 209 ΠΕΡΙ
543 158 757 210 ΚΤΛΙΝΔΡΟΤ
776 159 911 210 ΤΟΜΗΣ.

168 324 278 386 φαμεν
304 307 574 386 περιενεχθεῖσαν
605 301 747 387 γράφειν
779 303 839 384 τῆν
866 302 1084 388 κυλινδρικῆν
1113 302 1193 367 ἐπι-

169 431 320 492 φανειαν.

234 534 302 588 τῶν
329 520 365 588 δέ
392 524 582 609 κυλίνδρων
609 522 709 608 ὀρθοὶ
737 519 798 607 μὲν
826 524 861 587 οί
885 525 944 588 τὸν
971 521 1073 601 άξονα
1099 527 1194 608 πρὸς

169 628 275 716 ὀρθάς
304 633 432 714 ἔχοντες
459 642 530 706 ταῖς
557 630 685 713 βάσεσι,
715 627 938 712 σκαληνοὶδὲ
966 632 1000 694 οί
1025 632 1069 714 μῆ
1098 633 1193 715 πρὸς

135 749 150 795 5
170 738 277 825 ὀρθάς
299 741 428 821 ἔχοντες
451 748 522 812 ταῖς
544 736 659 820 βάσεσι
682 737 741 801 τὸν
763 735 872 813 άξονα.

233 852 385 940 ὁριστέον
408 849 445 917 δὲ
467 852 549 916 κατά
570 849 792 916 Ἀπολλώνιον
815 849 869 916 καὶ
892 852 982 916 τάδε·

233 969 338 1051 πάσης
370 969 541 1052 καμπύλης
570 977 719 1053 γραμμῆς
749 967 784 1032 έν
817 965 866 1031 ἑνὶ
904 966 1045 1055 ἐπιπέδῳ
1079 969 1192 1052 οὔσης

167 1077 341 1161 διάμετρος
366 1078 532 1139 καλείσθω
561 1074 676 1139 εὐθεῖά
704 1098 767 1157 τις,
793 1074 865 1157 ῆτις
887 1073 1011 1158 ἠγμένη
1035 1074 1099 1140 ἀπὸ
1124 1087 1192 1160 τῆς

165 1183 336 1266 καμπύλης
358 1189 507 1265 γραμμῆς
529 1180 635 1256 πάσας
658 1181 715 1256 τάς
739 1179 901 1264 ἀγομένας
924 1180 960 1246 έν
986 1190 1025 1266 τῆ
1045 1193 1189 1268 γραμμῆ

117 1297 150 1345 10
169 1290 303 1363 εὐθείας
325 1287 441 1374 εὐθείᾳ
463 1285 530 1351 τινὶ
548 1289 780 1372 παραλλήλους
798 1287 874 1372 δίχα
893 1289 1024 1373 διαιρεῖ,
1047 1292 1190 1374 κορυφὴ

168 1392 204 1460 δὲ
234 1403 292 1478 τῆς
328 1404 478 1480 γραμμῆς
512 1395 549 1458 τὸ
581 1392 683 1479 πέρας
712 1403 769 1477 τῆς
798 1393 931 1470 εὐθείας
961 1397 997 1460 τὸ
1028 1396 1111 1480 πρὸς
1143 1406 1189 1481 τῆ

166 1513 312 1588 γραμμῆ,
344 1506 546 1586 τεταγμένως
576 1497 613 1565 δὲ
641 1498 694 1565 ἐπὶ
721 1502 782 1583 τῆν
811 1501 988 1586 διάμετρον
1015 1509 1188 1584 κατῆχθαι

166 1607 306 1692 ἑκάστην
329 1620 396 1673 τῶν
418 1610 646 1694 παραλλῆλων.

234 1729 383 1807 συζυγεῖς
416 1720 452 1789 δὲ
485 1723 654 1808 διάμετροι
681 1726 927 1806 καλείσθωσαν,
960 1724 1082 1799 αἵτινες
1115 1723 1186 1789 ἀπὸ

117 1838 149 1886 15
168 1843 226 1917 τῆς
259 1840 410 1917 γραμμῆς
443 1828 646 1913 τεταγμένως
676 1829 828 1913 ἀχθεῖσαι
859 1827 912 1894 ε’πὶ
941 1831 1000 1906 τάς
1029 1833 1187 1912 συζυγεῖς

166 1936 361 2023 διαμέτρους
385 1937 505 2020 ὁμοίως
528 1936 629 2013 αὐτάς
651 1935 817 2021 τέμνουσι.

233 2053 394 2118 τοιούτων
429 2048 465 2116 δὲ
499 2063 660 2136 γραμμῶν
693 2049 928 2136 ὑφισταμένων
957 2051 1012 2116 καὶ
1043 2051 1078 2117 έν
1107 2056 1186 2130 ταῖς

166 2163 321 2240 πλαγίαις
347 2169 461 2241 τομαῖς
487 2166 546 2222 τοῦ
574 2159 756 2244 κυλίνδρου
784 2159 804 2242 ῆ
828 2158 999 2242 διχοτομία
1022 2167 1080 2242 τῆς
1108 2160 1185 2224 δια-

166 2264 287 2351 μέτρου
322 2263 460 2350 κέντρον
486 2274 544 2347 τῆς
571 2274 671 2348 τομῆς
697 2267 878 2348 καλείσθω,
907 2266 926 2349 ῆ
959 2262 997 2330 δὲ
1025 2265 1088 2330 ἀπὸ
1117 2276 1181 2331 τοῦ
1282 2267 1283 2276 ’

114 2381 149 2429 20
167 2371 305 2459 κέντρου
325 2370 377 2437 ἐπὶ
396 2373 456 2455 τῆν
474 2373 628 2457 γραμμῆν
645 2374 897 2456 προσπίπτουσα
914 2371 949 2436 έκ
963 2381 1023 2436 τοῦ
1037 2371 1179 2453 κέντρου

167 2490 224 2566 τῆς
247 2488 404 2563 κοννεῖς·

233 2594 253 2678 ῆ
278 2591 314 2659 δὲ
337 2594 393 2658 διά
416 2602 475 2658 τοῦ
498 2592 636 2679 κέντρου
660 2601 717 2675 τῆς
740 2602 840 2678 τομῆς
862 2596 950 2679 παρά
972 2592 1179 2678 τεταγμένως

167 2699 372 2784 κατηγμένην
409 2699 547 2783 ἀχθεῖσα
583 2697 809 2784 περατουμένη
841 2700 906 2765 ὑπὸ
939 2710 996 2784 τῆς
1027 2709 1180 2784 γραμμῆς

168 2805 305 2890 δευτέρα
335 2807 508 2892 διάμετρος
534 2810 713 2871 καλείσθω·
751 2808 959 2891 δειχθῆσεται
982 2807 1044 2892 γάρ
1070 2806 1179 2882 πάσας

113 2922 148 2974 25
167 2915 225 2990 τάς
256 2911 418 2998 ἀγομένας
449 2913 485 2979 ἐν
518 2925 556 3000 τῆ
583 2923 665 2999 τομῆ
693 2913 781 2998 παρά
809 2915 869 2996 τῆν
897 2913 1072 2998 διάμετρον
1100 2913 1178 2995 δίχα

166 3019 339 3105 τέμνουσα.

239 3311 264 3357 4.
285 3298 417 3370 σκαληνοί
438 3333 469 3339 -
491 3306 514 3353 5.
534 3298 642 3371 βάσεσι]
662 3316 715 3353 om.
734 3318 760 3368 p.
845 3306 867 3353 7.
887 3299 956 3354 Post
975 3307 1101 3369 γραμμῆς
1120 3299 1174 3354 del.

167 3375 198 3428 τὸ
217 3372 304 3441 πέρας
322 3381 370 3442 τῆς
389 3369 504 3433 εὐθείας
523 3388 545 3425 c.
601 3376 625 3426 9.
641 3369 732 3431 πάσας
748 3401 779 3409 -
796 3376 836 3423 11.
853 3371 990 3441 γραμμῆς]
1009 3389 1036 3439 p,
1056 3387 1108 3424 om.
1120 3371 1174 3425 Vc.

205 3451 245 3498 10.
266 3443 394 3513 κορυφήν
414 3459 502 3512 comp.
523 3441 608 3495 dubio
627 3460 653 3510 p.
732 3447 773 3493 12.
793 3449 927 3510 κατῆκται
946 3457 968 3495 c.
1047 3447 1087 3494 16.
1108 3438 1173 3511 δίχα

167 3511 297 3583 τέμνουσι
316 3515 424 3584 ΗεΙΙεγ.
499 3519 539 3568 19.
559 3513 576 3582 ι]
596 3510 627 3566 δέ
643 3543 676 3552 -—
691 3517 732 3565 24.
748 3509 899 3582 καλείσθω]
918 3529 973 3580 mg.
988 3529 1023 3566 m.
1041 3522 1053 3564 1
1069 3530 1088 3582 p
1107 3511 1174 3580 (κεί-
