2488 3938
184 155 228 219 94
455 155 543 206 ΠΕΡΙ
560 153 776 206 ΚΤΛΙΝΔΡΟΤ
794 152 930 206 ΤΟΜΗΣ.

183 297 304 385 μέρους
327 299 451 383 ὁμοίων
475 299 536 363 δύο
556 296 732 375 ἐλλείψεων
750 299 823 380 ἤτοι
841 305 899 380 τῆς
917 300 992 362 ΛΝ
1007 295 1027 379 ἣ
1046 304 1102 379 τῆς
1118 298 1181 358 ΛΜ

183 407 267 491 πρὸς
288 407 325 471 τὸ
349 406 412 471 ἀπὸ
435 413 493 489 τῆς
516 403 671 487 δευτέρας
694 406 857 486 συζυγοῦς
879 401 1068 490 διαμέτρου,
1090 402 1132 478 ὡς
1152 396 1179 464 δέ
1229 427 1230 432 ’

182 514 219 577 τὸ
242 512 309 577 ὑπὸ
331 523 399 577 τών
422 516 502 597 ΠΣ,
525 517 604 594 ΣΑ,
627 508 777 575 τουτέστι
799 511 837 575 τὸ
855 509 920 574 ὑπὸ
938 521 1007 575 τῶν
1026 513 1099 594 ΓΣ,
1117 511 1179 588 ΣΒ,
1229 533 1230 570 ;

182 620 265 705 πρὸς
287 618 412 684 τὸὀἰπὸ
435 627 493 702 τῆς
512 622 590 701 ΣΑ,
613 617 719 694 οὕτως
737 617 774 682 τὸ
793 616 857 682 ἀπὸ
875 625 933 700 τῆς
951 614 1105 701 δευτέρας
1122 616 1179 679 δια-

147 724 304 811 ομέτρου
341 738 408 791 τών
437 724 501 791 ἀπὸ
533 734 600 789 τών
632 721 867 807 ἀντικειμένων
898 733 1009 809 μερῶν
1045 721 1181 807 ἠγμένον

183 830 360 910 ἐλλείψεων
386 833 469 918 πρὸς
496 831 532 896 τὸ
561 830 625 896 ἀπὸ
652 838 710 914 τῆς
732 834 895 913 συζυγοῦς
918 828 1105 915 διαμέτρου.
1144 827 1180 902 ὡς
1230 851 1231 868 ¹

182 940 246 1025 ἀρα
269 948 327 1023 τῆς
350 937 461 1025 ἑτέρας
483 941 640 1021 συζυγίας
661 937 682 1021 ἡ
706 936 880 1023 διάμετρος
901 937 985 1023 πρὸς
1005 937 1068 1020 τὴν
1086 932 1179 1000 am.
1230 973 1231 980 ,

182 1068 245 1130 ραν
273 1044 464 1131 διάμετρου,
492 1045 598 1120 οὕτως
620 1052 678 1127 τῆς
701 1041 812 1129 ἑτέρας
834 1045 990 1125 συζυγίας
1013 1044 1034 1127 ἡ
1058 1044 1180 1126 δευτέρα

181 1151 356 1238 διάμετρος
377 1152 461 1237 πρὸς
483 1152 544 1236 τὴν
566 1150 753 1236 διοίμετρον.

128 1305 161 1354 10
249 1290 315 1357 Καὶ
339 1292 454 1377 γέγονε
477 1295 626 1424 ῳανερὸν
649 1293 684 1358 έκ
707 1293 849 1376 τούτων,
877 1293 928 1358 ὅτι
952 1291 988 1358 ἐν
1010 1315 1097 1357 παντ
1098 1287 1180 1376 ὶμλν

179 1401 346 1487 κυλίνδρῳ
374 1397 430 1465 καὶ
457 1401 553 1487 κώνῳ
582 1403 798 1465 συνίστανται
821 1401 883 1464 δύο
912 1416 954 1464 συ
957 1402 1066 1483 ζυγιαι
1092 1400 1178 1465 ἐλλεί-

179 1516 269 1584 ψεων
301 1507 426 1591 ὁμοίων
457 1503 518 1592 μὲν
550 1505 719 1591 ἀλλήλαις,
749 1506 1036 1583 ἀντιπεπονθυίας
1068 1504 1103 1571 δὲ
1131 1528 1178 1578 τας

179 1612 416 1701 διαμέτρους’
400 1625 561 1699 εχουσῶυ,
588 1612 644 1678 καὶ
666 1614 718 1678 ὁτι
739 1615 829 1699 παρὰ
851 1615 909 1690 τὰς
931 1612 1092 1699 τέσσαρας
1113 1613 1177 1677 ταύ-

177 1743 236 1798 τας
263 1723 345 1805 ἄλλη
373 1721 452 1806 ὁμοί
450 1746 471 1785 α
494 1721 534 1786 ού
558 1723 752 1785 συνίσταται
773 1722 861 1805 πλὴν
883 1731 950 1785 τών
971 1722 1179 1808 παραλλήλων
1231 1743 1232 1800 3

126 1836 159 1886 15
179 1828 306 1903 αὐταῖς·
331 1825 382 1892 ἀεὶ
405 1828 467 1913 γάρ
492 1828 530 1891 αί
549 1826 754 1912 παράλληλοι
776 1825 875 1911 τομαὶ
897 1827 1013 1912 ὁμοίας
1035 1836 1177 1894 ποιοῦσιν

178 1932 351 2017 ἐλλείψεις,
375 1934 433 1999 ἐὰν
455 1944 588 1999 ποιῶσι·
612 1931 667 1998 καὶ
690 1934 741 1999 ὅτι
764 1931 817 1998 ἐπὶ
840 1930 900 2018 μέν
923 1943 983 1999 τοῦ
1005 1937 1177 2020 κυλίνδρου

176 2039 197 2123 ἡ
221 2040 277 2104 διὰ
300 2048 357 2123 τῆς
376 2043 448 2104 ΓΗ
466 2040 578 2124 ἀγωγὴ
601 2049 661 2105 τοῦ
685 2039 842 2105 ἐπιπέδου
865 2040 1047 2106 ὑπεναντία
1068 2040 1105 2107 τέ
1119 2040 1177 2106 ἐστι

175 2143 231 2210 καῖ
259 2147 383 2211 κύκλου
409 2158 499 2211 ποιεῖ
522 2148 583 2231 τὴν
610 2149 729 2231 τομήν,
757 2144 810 2212 ἐπὶ
834 2144 870 2212 δὲ
893 2157 953 2212 τοῦ
975 2150 1103 2232 κώνου,
1128 2146 1176 2212 ἐὰν

177 2254 233 2318 διὰ
261 2262 320 2318 τοῦ
348 2259 381 2318 Α
406 2263 467 2318 τοῦ
489 2254 614 2318 κύκλου
637 2253 823 2338 ἐφάπτηταί
842 2277 893 2331 τις
917 2255 962 2331 ώς
984 2254 1005 2337 ἡ
1029 2259 1109 2339 ΑΧ,
1130 2250 1177 2316 διὰ
1232 2293 1233 2320 ι

123 2371 157 2419 20
175 2363 212 2426 τὸ
241 2355 326 2426 εἶναι
354 2361 391 2425 τὸ
419 2359 483 2425 ἀπὸ
511 2369 569 2445 τῆς
593 2364 665 2424 AX
681 2369 727 2448 τῷ
750 2360 815 2425 ὑπὸ
839 2371 906 2425 τῶν
928 2365 1006 2445 ΒΧ,
1030 2366 1097 2427 ΧΓ
1114 2367 1177 2425 ἴσον

175 2466 196 2549 ἡ
220 2467 276 2532 διὰ
294 2479 362 2532 τῶν
379 2477 419 2554 τῇ
438 2472 505 2532 AX
517 2468 737 2554 παραλλήλων
755 2466 898 2531 εὐθειῶν
917 2466 953 2532 ἐν
971 2477 1017 2556 τῳ
1036 2469 1176 2555 τριγώνῳ

176 2571 287 2657 ἀγωγὴ
311 2586 378 2639 τῶν
402 2573 566 2638 ἐπιπέδων
588 2574 718 2656 ποιήσει
740 2573 896 2650 κύκλους·
918 2573 1099 2640 ὑπεναντία
1122 2572 1176 2656 γάρ

176 2676 244 2742 ἐστι
271 2676 326 2742 καὶ
355 2679 453 2762 αὐτή,
481 2679 526 2756 ὡς
552 2690 598 2767 τῳ
621 2677 817 2765 προσέχοντι
839 2683 966 2762 γίνεται
987 2678 1175 2763 καταφανές·

175 2780 230 2847 καὶ
254 2783 304 2848 ὅτι
327 2795 366 2870 τῇ
391 2785 528 2871 δοθείσῃ
552 2786 695 2864 ἐλλείψει
716 2785 752 2850 ἐν
773 2787 940 2874 κυλίνδρῳ
961 2793 1112 2877 σκαληνῷ
1128 2783 1175 2852 καλ

123 2904 156 2952 25
175 2890 270 2977 κώνῳ
293 2901 382 2976 τρεῖς
404 2891 519 2976 ὁμοίας
541 2894 642 2969 ἀλλας
665 2894 756 2956 ἐστιν
778 2891 898 2978 εὑρεῖν,
920 2895 1001 2977 μίαν
1023 2892 1084 2979 μέν
1102 2893 1175 2976 αὐτῇ

174 3004 213 3082 τῇ
233 2997 372 3083 δοθείσῃ
391 2999 544 3083 σύζυγον,
563 3001 625 3064 δύο
644 2995 681 3063 δὲ
701 2997 832 3076 ἑαυταῖς
849 2995 909 3083 μὲν
928 3000 1099 3085 συζύγους,
1114 3009 1175 3071 ταῖς

174 3100 211 3168 δέ
230 3110 360 3181 λοιπαῖς
374 3104 489 3189 ὁμοίας
506 3107 588 3170 κατὰ
607 3104 889 3189 ἀντιπεπόνθασιν
907 3117 975 3171 τών
988 3107 1175 3194 διαμέτρων·

173 3267 386 3276 ——.-.———-

246 3373 269 3422 1
289 3369 368 3440 AM]
388 3371 426 3421 Μ
439 3383 518 3422 euan.
538 3387 565 3437 p.
648 3375 672 3422 2
692 3369 728 3431 ὡς
747 3366 795 3440 δέ]
815 3369 901 3425 bisc
981 3376 1005 3427 6.
1026 3369 1172 3442 ἐλλείψεων]

175 3453 227 3490 om.
248 3453 271 3492 ο.
341 3445 363 3493 7.
384 3440 517 3507 δεντεραν
547 3457 575 3507 p,
595 3455 647 3493 om.
662 3439 716 3494 Vc
786 3446 827 3494 11.
847 3440 939 3514 κώνῳ]
959 3442 1040 3516 κώνῳ
1059 3445 1172 3512 σκαληνῷ

174 3504 283 3574 ΗοΠεγ.
357 3514 398 3562 17.
418 3435 575 3579 dmm]
545 3507 655 3578 scripsi,
674 3511 784 3580 ἀγωγῆς
802 3510 879 3580 ch.
954 3519 995 3568 19.
1014 3522 1064 3569 τοῦ
1080 3515 1172 3570 κύκλον
