2504 3928
183 144 246 208 138
495 150 582 200 nm
599 149 728 201 κοαον
745 151 881 204 υουΗε.

180 291 218 354 τὸ
247 295 358 354 ΑΗΔ
389 293 453 376 ἄρα
485 293 568 376 πρὸς
596 293 633 357 τὸ
662 296 767 357 ΑΒΔ
800 292 837 358 έν
864 304 909 382 τςό
938 293 1075 361 δοθέντι
1101 299 1184 382 λόγῳ
1236 367 1237 370 ¹

182 396 280 462 ἐστίν.
326 397 384 462 ἐὰν
407 394 469 464 οὖν
497 398 533 463 έν
556 409 595 484 τῇ
618 399 713 483 βάσει
741 409 801 465 τοῦ
823 402 935 466 κώνου
959 400 1184 489 ἐναρμόσωμεν
1236 389 1237 470 δ

182 505 303 587 διπλῆν
330 513 388 588 τῆς
410 510 483 570 ΗΔ
510 503 566 570 καὶ
594 506 649 570 διά
677 514 735 589 τῆς
763 505 1025 591 έναρμοσθείσης
1051 507 1105 573 καὶ
1131 517 1185 592 τῆς

180 620 330 696 κορυφῆς
357 620 417 676 τοῦ
444 613 554 676 κώνου
582 613 619 677 τὸ
648 612 803 679 ἐπίπεδον
827 615 1031 699 ἐκβάλωμεν,
1062 618 1185 698 ποιήσει

147 720 345 804 οτρίγωνον
373 717 409 782 ἐν
432 727 477 806 τῷ
500 720 595 807 κώνῳ
624 719 800 785 διπλάσιον
827 730 888 785 τοῦ
912 726 1034 787 ΑΗΔ.
1079 724 1184 806 σχήσει
1237 707 1238 760 δ

181 825 245 910 ἄρα
273 825 310 889 τὸ
339 825 579 908 συνιστάμενον
602 828 766 910 τρίγωνον
790 829 872 913 πρὸς
894 829 931 892 τὸ
956 835 988 892 Α
995 831 1056 893 ΓΔ
1082 831 1184 910 λόγον,

181 928 221 994 ὃν
234 931 271 994 τὸ
286 934 396 994 ΑΗΔ
414 934 479 1015 ε”χει
494 932 576 1017 πρὸς
589 936 703 1016 ΑΒΔ,
721 933 891 999 τουτέστιν
910 933 950 999 δν
968 934 988 1018 ἡ
1004 938 1039 999 Κ
1055 937 1135 1020 πρὸς
1151 937 1185 998 Α.
1238 981 1239 998 ,

668 1153 703 1193 ι.

247 1248 322 1315 Ἐάν
341 1263 447 1328 κῶνος
465 1252 570 1338 ὀρθὸς
588 1255 644 1319 διὰ
662 1263 720 1337 τῆς
733 1261 884 1342 κορυφῆς
902 1253 1070 1330 ἐπιπέδοις
1083 1259 1185 1338 τμηθῇ

131 1377 164 1425 10
182 1365 228 1442 τῷ
252 1353 312 1439 μὲν
336 1359 392 1422 διὰ
414 1367 474 1423 τοῦ
493 1358 619 1443 ἄξονος,
643 1373 713 1437 τοῖς
731 1359 768 1426 δέ
788 1361 879 1438 ε’κτὸς
897 1369 957 1426 τοῦ
976 1359 1103 1443 ἄξονος,
1125 1369 1185 1423 τῶν

183 1459 220 1527 δὲ
247 1461 434 1547 γενομένων
461 1467 634 1551 τριγώνων
662 1467 754 1543 ἐκτὸς
781 1475 841 1531 τοῦ
869 1465 986 1544 ἄξονος
1014 1467 1051 1532 ἓν
1079 1467 1184 1532 ὁτιοῦν

183 1575 258 1634 ἴσον
280 1564 302 1656 ᾖ
322 1581 367 1660 τῷ
388 1572 444 1636 διὰ
462 1581 522 1636 τοῦ
540 1571 658 1650 ἄξονος
676 1574 838 1661 τριγώνῳ,
862 1573 879 1639 ὁ
898 1583 958 1638 τοῦ
976 1575 1087 1639 κώνου
1105 1571 1185 1650 ἄξων
1239 1557 1240 1562 ¹

183 1675 327 1742 ἐλάττων
350 1680 440 1742 ἔσται
463 1688 521 1762 τῆς
544 1679 579 1744 ἐκ
602 1689 662 1744 τοῦ
685 1678 825 1766 κέντρου
847 1689 905 1763 τῆς
927 1679 1062 1763 βάσεως.

249 1783 432 1868 τμηθέντος
463 1785 526 1871 γάρ
559 1794 618 1850 τοῦ
649 1787 760 1851 κώνου
788 1785 937 1868 γενέσθω
965 1789 1108 1872 τρίγωνα
1137 1784 1185 1848 διὰ

132 1910 165 1958 15
184 1887 244 1973 μέν
267 1900 326 1955 τοῦ
350 1890 467 1969 ἄξονος
489 1893 526 1957 τὸ
550 1895 664 1976 ΑΓΔ,
693 1893 785 1970 ἐκτὸς
807 1889 844 1958 δέ
867 1894 904 1958 τὸ
927 1897 1028 1958 ΑΕΖ
1057 1898 1129 1957 ἴσον
1152 1889 1184 1954 ὂν

182 2007 228 2084 τρῖ
253 2001 360 2081 ΑΓΔ,
385 2001 466 2063 ἔστω
486 1996 523 2063 δὲ
541 2000 751 2086 παράλληλος
769 1999 789 2083 ἡ
808 2004 871 2064 ΕΖ
895 2010 933 2084 τῇ
954 2002 1014 2063 ΓΔ
1037 1997 1092 2063 καὶ
1110 1998 1183 2062 κάθ-

183 2126 251 2168 ετοι
286 2106 323 2168 αἱ
354 2109 435 2187 ΑΒ,
459 2109 546 2189 ΑΗ,
580 2104 635 2170 καὶ
666 2105 915 2190 ἐπεζεύχθωσαν
949 2106 986 2170 αἱ
1016 2109 1092 2189 ΒΕ,
1115 2105 1184 2169 ΒΗ.

183 2208 266 2292 λέγω
291 2210 348 2293 δή,
372 2211 421 2276 ὅτι
445 2211 465 2294 ἡ
485 2217 551 2276 ΑΒ
576 2212 593 2278 δ
617 2211 705 2290 ἄξων
728 2212 876 2278 ἐλάσσων
900 2210 968 2277 ἐστὶ
991 2221 1048 2296 τῆς
1068 2216 1135 2278 ΒΔ
1155 2208 1184 2273 έκ
1240 2279 1241 2296 ,

182 2326 242 2382 τοῦ
265 2315 412 2403 κέντρου.

130 2441 165 2489 κο
250 2422 318 2489 ἐπεὶ
346 2425 383 2489 τὸ
407 2429 508 2489 ΑΕΖ
536 2429 702 2510 τρίγωνον
730 2431 804 2490 ἴσον
832 2424 900 2490 ἐστὶ
928 2434 973 2513 τῷ
997 2427 1109 2508 ΑΓΔ,
1137 2417 1184 2487 καὶ

181 2532 222 2595 τά
245 2532 401 2596 διπλάσιοι
425 2535 499 2618 ἄρα,
523 2531 672 2597 τουτέστι
695 2533 731 2597 τὸ
754 2531 820 2597 ὑπὸ
842 2544 910 2596 τῶν
931 2536 1005 2615 ΕΖ,
1024 2536 1063 2597 Η
1065 2538 1095 2596 Α
1119 2537 1183 2594 ἴσον

183 2635 251 2701 ἐστὶ
274 2647 320 2724 τῷ
343 2639 408 2703 ὑπὸ
429 2641 500 2722 ΓΔ,
519 2643 598 2703 ΒΑ·
623 2641 667 2716 ώς
689 2641 753 2724 ἄρα
775 2638 796 2721 ἡ
817 2642 877 2703 ΓΔ
899 2639 983 2724 πρὸς
1001 2642 1075 2721 ΕΖ,
1098 2657 1181 2701 τουτ-

184 2743 274 2808 έστιν
300 2743 320 2827 ἡ
350 2747 410 2808 ΓΒ
442 2746 525 2830 πρὸς
551 2749 636 2829 ΕΗ,
668 2744 838 2810 τουτέστιν
864 2744 885 2828 ἡ
909 2748 975 2808 ΒΕ
1003 2747 1087 2831 πρὸς
1112 2742 1181 2820 ΕΗ,

184 2850 289 2925 οὕτως
316 2850 336 2933 ἡ
364 2854 437 2915 ΗΑ
463 2852 546 2936 πρὸς
574 2856 649 2917 ΑΒ.
705 2850 773 2917 ἐπεὶ
801 2847 863 2918 οὖν
891 2852 952 2916 δύο
981 2854 1124 2937 τρίγωνα
1148 2845 1181 2910 τδ

132 2972 166 3022 25
186 2960 303 3039 ΒΕΗ,
322 2961 427 3021 ΗΑΒ
451 2961 531 3042 μίαν
553 2962 679 3040 γωνίαν
707 2961 767 3043 τὴν
789 2958 854 3023 ὑπὸ
879 2961 982 3022 ΕΗΒ
1006 2967 1065 3043 μιᾷ
1088 2955 1180 3040 γωνίᾳ

254 3157 278 3206 4.
299 3150 470 3222 ἐκβάλωμεν]
490 3166 540 3219 cp,
565 3149 739 3221 ἐκβάλλωμεν
758 3151 813 3205 Vv.
892 3155 916 3204 5.
936 3151 1038 3220 ΑΗΔ]
1058 3167 1088 3218 p,
1111 3147 1179 3200 ΑΒΔ

182 3224 235 3278 Vc.
292 3229 316 3277 6.
335 3220 483 3293 τρίγωνον]
502 3218 637 3292 τρίγωνον
656 3222 686 3276 τὸ
705 3219 853 3276 διπλάσιον
872 3229 921 3275 τοῦ
938 3224 1029 3275 ΑΗΔ
1043 3238 1069 3289 p.
1122 3214 1179 3282 πρὸς

182 3294 213 3348 τὸ
233 3296 326 3366 ΑΓΔ]
346 3310 430 3362 supra
449 3309 500 3345 scr.
519 3310 546 3360 p.
633 3300 657 3347 7.
677 3292 746 3360 πρός
760 3292 847 3364 (alm
867 3310 920 3347 om.
940 3309 963 3347 ο,
1052 3297 1092 3345 12.
1111 3283 1178 3413 Ἧι),

184 3363 240 3418 ἐστι
256 3365 309 3434 Vc,
330 3363 396 3418 ἔστω
414 3362 524 3430 ΗειΙΙογ.
598 3369 639 3416 13.
660 3361 791 3434 ἐλάττων]
811 3362 932 3419 ἐλάσσων
951 3380 974 3418 c.
1047 3365 1117 3432 τῆς(
1142 3353 1178 3422 λδ]

185 3450 237 3487 om.
258 3452 279 3488 ο.
342 3440 382 3488 18.
403 3434 431 3556 δβ
448 3430 588 3487 τουτέστιν
608 3433 622 3487 ὁ
641 3452 668 3502 p.
724 3433 767 3504 ἐκ]
786 3443 834 3504 τῆς
850 3434 880 3489 ἐκ
899 3453 925 3502 p.
986 3439 1028 3488 20.
1049 3429 1118 3502 ἐπεί]
1135 3427 1179 3488 Vc,

185 3501 245 3555 ἐπεὶ
264 3499 314 3557 οὖν
333 3522 359 3571 p.
427 3505 488 3575 σον]
508 3520 583 3570 vep3
603 3520 655 3556 om.
671 3504 704 3572 V,
723 3522 778 3572 mg.
797 3523 833 3560 m.
855 3513 869 3559 1
891 3507 912 3558 ά·
930 3499 999 3559 ἶσον.
1055 3510 1095 3558 21.
1113 3514 1179 3556 τουτ-
