2592 3932
189 181 254 244 230
501 183 588 233 Πιοει
605 181 733 236 muoz*
751 182 886 234 ΤοΜΗΣ.

188 325 276 390 οὕτω
303 329 412 409 μεῖζον
439 325 476 389 τὸ
504 325 560 389 διὰ
587 334 645 408 τῆς
672 329 745 390 HA
773 322 936 401 ἰσοσκελὲς
963 333 1022 389 τοῦ
1049 325 1112 388 διὰ
1140 332 1196 388 τοῦ

189 429 306 507 ἄξονος
329 434 527 507 ίσοσκελοῦς.

258 539 288 602 εί
314 535 351 602 N
378 541 496 622 μείζων
523 537 543 619 ἡ
567 541 638 602 ΗΘ
664 545 723 621 τῆς
749 537 785 603 ἐκ
806 547 866 603 τοῦ
889 537 1043 624 κέντρου,
1072 541 1158 603 ἔστω
1181 537 1199 620 ἡ

192 648 264 708 ΘΝ
279 642 503 731 ἐνηρμοσμένη
524 650 577 727 λ’ση
596 653 635 729 τῇ
654 643 690 710 ἐκ
703 653 763 710 τοῦ
777 643 927 732 κέντρου,
944 642 1000 709 καλ
1014 644 1197 729 ἐπεζεύχθω

153 750 209 834 δὴ
232 756 319 835 NA,
345 749 402 816 καλ
429 751 465 817 ἐν
491 761 537 840 τῳ
564 753 674 839 κύκλῳ
701 752 803 819 πᾶλιν
828 754 912 838 πρὸς
939 751 1045 838 ὀρθὰς
1070 762 1112 838 τῇ
1137 754 1199 816 ΓΔ
1259 761 1260 766 ’

188 855 208 939 ἡ
236 857 311 931 ΝΞ,
363 858 431 924 ε’πελ
463 855 525 925 οὖν
557 859 577 943 ἡ
606 858 672 924 ὑπὸ
699 861 804 924 ΝΘΒ
831 859 871 924 οὐ
899 862 1018 944 μείζων
1045 856 1118 923 ἐστὶ
1144 867 1198 940 τῆς

189 963 253 1029 ὑπὸ
280 969 396 1049 (MR,
420 966 439 1050 ἡ
463 967 527 1051 ἄρα
548 969 586 1029 Ν
589 969 618 1029 Θ
640 966 723 1050 πρὸς
743 970 804 1030 ΘΒ
828 964 985 1031 ε’λᾶττονα
1008 967 1115 1047 λόγον
1137 967 1197 1048 ἔχει

188 1071 270 1156 ἥπερ
293 1070 314 1154 ἡ
334 1075 405 1137 NA
427 1073 510 1155 πρὸς
528 1074 603 1135 AB.
640 1071 684 1147 ὡς
706 1067 744 1136 N
761 1070 782 1154 ἡ
800 1076 872 1137 ΝΘ
889 1073 972 1158 πρὸς
992 1075 1071 1155 ΘΒ,
1096 1071 1198 1146 οὕτως

188 1174 209 1258 ἡ
229 1181 294 1241 ΒΛ
316 1178 399 1262 πρὸς
416 1182 455 1242 Ν
456 1176 496 1251 Ξ·
519 1176 540 1259 ἡ
563 1178 627 1262 ἄρα
646 1181 712 1241 ΒΛ
734 1179 817 1262 πρὸς
834 1183 873 1244 Ν
875 1177 905 1252 Ξ
921 1176 1082 1243 ἐλάττονα
1101 1180 1197 1259 λόχον

138 1295 171 1344 10
190 1286 255 1367 ἔχει
284 1284 366 1370 ἥπερ
393 1282 414 1366 ἡ
439 1288 511 1348 NA
537 1285 621 1370 πρὸς
643 1289 718 1349 AB.
764 1288 873 1369 μεῖζον
901 1286 964 1370 ἄρα
991 1285 1029 1349 τὸ
1057 1284 1118 1348 διδι
1145 1291 1198 1364 τῆς
1261 1288 1262 1370 λ

188 1393 265 1453 AN
285 1387 449 1467 ἰσοσκελὲς
470 1399 530 1455 τοῦ
554 1390 610 1454 διδ
632 1399 691 1455 τοῦ
715 1388 832 1468 ἄξονος
851 1393 1054 1466 ίσοσκελούς·
1079 1391 1119 1455 τὸ
1137 1391 1196 1473 ἄρα
1261 1381 1262 1392 ’

189 1494 246 1559 διὰ
278 1504 338 1560 τοῦ
370 1494 487 1574 ἄξονος
519 1493 683 1572 ἰσοσκελὲς
715 1497 754 1561 οὐ
784 1496 918 1561 πάντων
944 1495 1105 1580 μέγιστόν
1134 1494 1196 1560 ἐστι

189 1613 257 1667 τῶν
298 1603 479 1691 εἰρημένων
519 1605 707 1669 ἰσοσκελῶν.
767 1602 900 1687 ἐδείχθη
938 1601 989 1686 δέ,
1031 1604 1084 1669 ὅτι
1123 1595 1196 1667 οὐδὲ
1262 1620 1263 1654 ³

189 1708 373 1792 ἐλάχιστον·
419 1711 494 1775 οᾶτε
534 1710 598 1795 ἄρα
638 1708 794 1793 μέγιστόν
835 1708 904 1774 ἐστι
944 1709 1082 1774 πάντων
1123 1709 1195 1772 οὔτε

136 1828 169 1877 15
191 1815 370 1899 ε’λᾶχιστον.

661 1920 722 2006 με’·
1263 1954 1264 2048 χ

256 2029 389 2104 Παντὸς
416 2030 525 2094 κώνου
554 2035 720 2112 σκαληνοῦ
747 2029 886 2113 δυνάμει
915 2027 1063 2114 ἀπείρων
1090 2031 1193 2094 ὄντων
1263 2069 1264 2078 1

189 2144 257 2198 τῶν
289 2134 345 2198 διὰ
376 2143 436 2199 τοῦ
468 2133 585 2213 ἄξονος
612 2137 785 2222 τριγώνων
812 2137 849 2200 αλ
874 2134 936 2200 ἀπὸ
963 2144 1022 2218 τῆς
1048 2141 1193 2220 κορυφῆς

190 2249 250 2305 τοῦ
282 2241 392 2306 κώνου
426 2239 479 2306 ἐπὶ
510 2243 568 2318 τὰς
599 2243 711 2326 βάσεις
742 2253 809 2307 τῶν
840 2242 1013 2328 τριγώνων
1040 2241 1192 2326 ἀγόμεναι

135 2362 170 2410 20
190 2347 326 2413 κᾶθετοι
349 2357 450 2414 πᾶσαι
474 2347 526 2414 ἐπὶ
551 2346 624 2426 ἑνὸς
646 2351 769 2414 κύκλου
788 2346 1000 2434 περιφέρειαν
1018 2351 1191 2414 πίπτουσιν

189 2457 284 2531 ὄντος
316 2478 350 2520 τε
383 2455 419 2521 έν
451 2466 496 2544 τῳ
529 2455 617 2543 αὐτῷ
651 2454 792 2542 ἐπιπέδῳ
823 2464 869 2542 τῷ
900 2463 958 2538 τῆς
984 2455 1112 2538 βάσεως
1137 2459 1191 2517 τοῦ

189 2562 299 2626 κώνου
319 2559 374 2626 καλ
391 2561 467 2650 περὶ
486 2563 663 2647 διάμετρον
681 2563 741 2644 τὴν
760 2560 859 2649 ἐντῷ
879 2559 1039 2648 εἰρημένῳ
1054 2557 1188 2644 ἐπιπέδῳ

190 2664 507 2752 ἄπολαμβανομένην
535 2669 671 2733 εὐθεῖαν
695 2665 815 2752 μεταξὺ
837 2675 898 2731 τοῦ
921 2690 956 2731 τε
978 2665 1117 2752 κέντρου
1139 2672 1191 2745 τῆς

189 2771 315 2854 βάσεως
327 2772 382 2838 καὶ
397 2783 455 2857 τῆς
465 2775 529 2839 ἀπὸ
539 2783 755 2861 τῆςκορυφῆς
770 2773 822 2840 ἐπὶ
831 2775 869 2839 τὸ
879 2773 1035 2839 ἐπίπεδον
1044 2771 1190 2839 καθέτου.

136 2892 169 2941 25
257 2881 339 2945 ἐστω
358 2891 465 2957 κῶνος
483 2884 654 2966 σκαληνός,
673 2878 713 2948 οὗ
731 2883 862 2967 κορυφὴ
880 2877 941 2965 μὲν
954 2882 991 2945 τὸ
1006 2887 1038 2945 A
1052 2889 1188 2966 σημεῖον,

189 2984 285 3069 βᾶσις
303 2983 340 3051 N
358 2986 376 3052 δ
395 2985 470 3075 περὶ
488 2990 525 3054 τὸ
543 2992 572 3052 Β
591 2987 729 3075 κέντρου
746 2989 876 3071 κύκλος,
899 2985 954 3052 καλ
972 2985 1060 3065 ἄξων
1078 2987 1096 3054 δ
1115 2990 1145 3050 A
1150 2987 1188 3062 Β,

190 3093 254 3159 ἀπὸ
278 3091 315 3158 N
338 3103 398 3158 τοῦ
417 3100 450 3158 Α
472 3094 612 3171 κάθετος
632 3092 687 3159 ’ἐπὶ
710 3095 747 3159 τὸ
770 3103 828 3177 τῆς
850 3092 976 3177 βᾶσεως
999 3092 1150 3158 ἐπίπεδον
1169 3084 1186 3167 ἡ

189 3206 222 3264 Α
228 3204 264 3284 Γ,
287 3199 342 3266 καὶ
366 3199 549 3285 ἐπεζεύχθω
573 3200 593 3284 ἡ
614 3204 690 3284 ΓΒ,
712 3209 752 3286 τῇ
771 3197 808 3264 N
828 3203 888 3264 ΓΒ
907 3198 972 3264 ἀπὸ
990 3207 1049 3263 τοῦ
1069 3203 1097 3264 Β
1115 3195 1187 3280 πρὸς

190 3305 296 3389 ὀρθὰς
318 3308 413 3391 ἤχθω
437 3305 474 3371 ἐν
496 3315 541 3394 τῳ
565 3307 653 3394 αὐτῷ
678 3304 818 3395 ἐπιπέδῳ
840 3304 860 3388 ἡ
879 3298 960 3388 ΔΒ,
984 3313 1139 3388 τυχοῦσαι
1155 3293 1185 3362 N

263 3467 285 3514 1.
305 3470 354 3515 τοῦ
369 3463 443 3585 (pm)
462 3462 492 3516 τύ
512 3479 534 3515 ο.
613 3467 637 3515 3.
657 3460 688 3515 ἐκ
706 3463 768 3532 τοῦ]
787 3462 831 3516 bis
850 3463 883 3517 V.
962 3466 985 3514 8.
1005 3462 1042 3522 ὡς
1060 3457 1091 3515 δέ
1105 3490 1136 3500 -
1150 3457 1184 3510 10.

191 3529 252 3597 ΑΒ]
271 3548 326 3598 mg.
345 3550 364 3599 p
383 3535 424 3601 (κε
437 3535 541 3602 μενον).
633 3539 674 3586 21.
700 3531 791 3603 ὄντος]
816 3533 894 3596 ἄντες
912 3533 970 3601 Vc,
994 3531 1054 3586 ὄντι
1071 3550 1103 3600 p,
1126 3543 1185 3583 corr.
