2592 3932
149 176 215 240 296
460 181 547 230 nm
565 179 693 231 Κοαον
711 180 848 231 Τοιιιιε.

147 324 408 406 τειραπλασίονα
445 325 546 405 λόγον
582 325 647 406 ἔχει
680 323 762 407 ἤπερ
794 323 832 387 τὸ
865 327 961 388 ΒΕΖ
993 327 1170 410 τρίγωνον

148 429 230 514 πρὸς
261 429 298 492 τὸ
326 432 433 493 ΚΓΔ.
484 431 550 513 ἔχει
582 426 619 493 δὲ
651 428 669 493 6
697 433 832 493 ΒΘΕΖ
858 440 963 504 κῶνος
990 430 1074 514 πρὸς
1100 431 1172 495 τὸν
1286 440 1287 454 ’

148 538 224 598 KH
227 539 287 600 ΓΛ
326 547 435 600 κῶνον
473 538 595 619 ἰσοϋψῆ
632 537 831 600 διπλασίονα
868 539 967 618 λόγον
1003 537 1085 621 ἥπερ
1125 537 1169 602 τὸ

148 647 246 706 ΒΕΖ
273 645 438 727 τρίγωνον
464 643 548 727 πρὸς
574 642 611 706 τὸ
635 645 747 706 ΚΓΔ·
775 642 793 707 6
821 643 886 726 ἄρα
908 646 1050 708 ΑΗΓΔ
1074 645 1169 728 πρὸς

112 750 207 814 σιὸν
235 752 370 813 ΚΗΓΔ
401 749 599 812 διπλασίονα
631 750 732 830 λόγον
765 750 829 831 ἔχει
861 749 944 833 ἥπερ
978 747 995 814 6
1023 753 1164 814 ΒΘΕΖ
1288 774 1289 782 ’

146 866 253 931 κῶνος
279 857 363 941 πρὸς
389 857 448 920 τὸν
475 858 615 920 ΚΗΓΔ
642 864 760 919 κῶνον.
807 855 852 930 ὡς
879 855 945 940 ἄρα
974 856 992 920 6
1018 859 1162 920 ΑΗΓΔ
1289 940 1290 956 ¹

146 974 253 1038 κῶνος
279 964 362 1047 πρὸς
389 963 448 1027 τὸν
471 965 620 1044 ΒΘΕΖ,
653 961 759 1037 οὕτως
785 959 803 1025 6
827 965 963 1025 ΒΘΕΖ
991 963 1071 1048 πρὸς
1096 963 1163 1028 τὸν

146 1072 292 1133 ΚΗΓΔ.
339 1069 384 1144 ὡς
410 1064 446 1132 δὲ
471 1066 488 1133 6
513 1071 646 1131 ΒΘΕΖ
675 1068 759 1153 πρὸς
786 1067 844 1131 τὸν
868 1070 1022 1151 ΚΗΓΔ,
1053 1068 1164 1146 οὕτως
1290 1108 1291 1124 ι

145 1175 165 1259 6
197 1180 225 1240 Θ
256 1175 353 1259 βάσις
385 1175 467 1261 πρὸς
494 1176 555 1257 τὴν
582 1174 629 1238 H·
667 1174 719 1250 ὡς
744 1175 808 1259 ἄρα
837 1173 854 1238 6
881 1177 1022 1239 ΑΗΓΔ
1054 1186 1166 1253 κῶνος

93 1296 127 1346 10
146 1284 228 1368 πρὸς
260 1284 319 1347 τὸν
351 1285 498 1365 ΒΘΕΖ,
532 1280 636 1356 οὕτως
669 1280 690 1363 6
721 1285 749 1345 Θ
776 1280 873 1364 βάσις
903 1282 986 1366 πρὸς
1016 1283 1079 1365 τὴν
1112 1287 1164 1346 Η·

145 1389 224 1473 ὅπερ
248 1388 314 1452 ἔδει
338 1387 448 1466 δεῖξαι.

619 1546 680 1630 ἕν’·

209 1672 285 1738 Ἐὰν
312 1685 419 1748 κῶνος
445 1672 549 1757 ὀρθὸς
576 1673 659 1758 πρὸς
686 1683 795 1737 κῶνον
823 1671 930 1757 ὀρθὸν
958 1673 1163 1737 διπλασίονα

144 1783 245 1863 λόγον
272 1782 329 1864 ἔχῃ
358 1780 439 1864 ἥπερ
463 1778 483 1861 6
506 1776 603 1861 βάσις
624 1778 708 1863 πρὸς
730 1780 791 1862 τὴν
813 1778 927 1862 βάσιν,
955 1779 993 1844 τὸ
1016 1779 1073 1842 διὰ
1097 1789 1160 1844 τοῦ

93 1900 126 1948 15
146 1886 262 1965 ἄξονος
289 1889 454 1972 τρίγωνον
481 1886 564 1970 πρὸς
595 1883 632 1947 τὸ
665 1884 721 1949 διὰ
752 1894 812 1949 τοῦ
847 1883 963 1962 ἄξονος
992 1888 1163 1969 τρίγωνον

145 1997 362 2079 τριπλασίονα
389 1995 489 2075 λόγον
519 1989 581 2068 ἕξει
608 1993 691 2076 ἥπερ
719 1992 739 2074 6
771 2000 832 2056 τοῦ
864 1993 1029 2077 τριγώνου
1060 1993 1163 2076 βάσις

144 2100 228 2185 πρὸς
249 2101 311 2184 τὴν
333 2100 441 2183 βάσιν.

214 2206 544 2292 καταγεγράφθωσαν
585 2205 620 2269 οί
657 2216 774 2286 κῶνοι,
815 2203 870 2268 καί
910 2205 1102 2271 ὑποκείσθω
1140 2206 1162 2272 6

144 2317 285 2380 ΑΗΓΔ
315 2325 421 2389 κῶνος
452 2313 535 2397 πρὸς
566 2312 626 2376 τὸν
653 2316 682 2375 Β
690 2316 786 2375 ΘΕΖ
816 2321 926 2376 κῶνον
958 2313 1160 2378 διπλασίονα

92 2432 125 2480 20
145 2422 245 2503 λόγον
272 2423 359 2504 ἔχειν
385 2421 466 2504 ἤπερ
495 2419 515 2502 6
540 2423 578 2482 H
601 2418 698 2501 βάσις
720 2427 780 2482 τοῦ
803 2417 913 2482 κῶνον
936 2419 1019 2500 πρὸς
1041 2420 1103 2502 τὴν
1128 2423 1160 2483 Θ

143 2528 250 2610 βάσιν.
296 2526 396 2610 λέγω,
424 2527 474 2592 ὅτι
502 2527 539 2591 τὸ
567 2529 667 2590 ΑΓΔ
694 2528 859 2611 τρίγωνον
885 2525 968 2610 πρὸς
995 2525 1032 2589 τὸ
1056 2529 1157 2589 ΒΕΖ

144 2638 360 2718 τριπλασίονα
380 2637 480 2715 λόγον
499 2636 563 2717 ἔχει
582 2634 664 2717 ἢπερ
682 2631 703 2715 6
719 2638 752 2695 A
760 2635 791 2696 Γ
803 2629 900 2715 βάσις
915 2640 975 2695 τοῦ
990 2632 1161 2716 τριγώνου

143 2741 227 2824 πρὸς
249 2741 310 2822 τὴν
333 2743 405 2803 ΕΖ.

210 2848 292 2910 ἔστω
316 2856 355 2931 τῇ
378 2843 492 2927 AH6
519 2849 587 2909 ΘΚ
608 2852 675 2929 ἴση·
702 2846 737 2910 οἱ
758 2847 822 2930 ἄρα
845 2846 998 2926 ΑΗΓΔ,
1018 2847 1158 2908 ΚΘΕΖ

214 3047 238 3096 3.
258 3050 351 3096 κῶνον
366 3039 482 3110 ἰσοϋψῆ]
496 3057 522 3105 ν,
543 3038 646 3108 ἰσοϋψῆ
661 3048 753 3093 κῶνον
767 3037 824 3106 Vp.
883 3043 909 3090 4.
929 3036 1022 3091 6—6.
1039 3039 1101 3090 ΚΗ
1105 3040 1158 3090 ΓΔ

142 3115 247 3184 κῶνον]
268 3130 320 3168 om.
340 3131 367 3182 p.
457 3118 482 3165 4.
504 3110 535 3181 6]
554 3129 584 3178 v,
612 3113 681 3164 mut.
700 3109 731 3162 in
750 3109 786 3171 ὡς
805 3107 904 3162 eadem
921 3124 1007 3161 manu
1025 3107 1058 3175 V,
1087 3112 1155 3176 post

142 3184 197 3252 ἄρα
217 3184 282 3239 add.
303 3185 317 3239 ὁ
337 3184 398 3238 ead.
417 3199 491 3236 man.
573 3182 700 3252 ΛΗΓΔ]
721 3185 751 3234 Η
771 3180 801 3232 in
819 3195 872 3233 ras.
892 3197 927 3233 m.
949 3184 963 3231 1
982 3197 1013 3246 v,
1042 3181 1158 3233 ΑΗΓΔ

141 3265 231 3317 κῶνος
248 3255 281 3309 V.
336 3253 417 3324 πρός]
432 3253 465 3320 V,
485 3273 513 3314 -ς
531 3268 611 3306 euan.
626 3269 651 3305 v.
707 3257 731 3305 5.
751 3254 916 3304 ΚΗΓΔ-
931 3248 1104 3374 7.v6v(pr66
1123 3268 1153 3316 v,

143 3341 195 3379 om.
214 3325 248 3378 V.
330 3331 354 3380 9.
376 3325 412 3393 Θ]
431 3324 492 3392 Vp,
521 3339 601 3376 euan.
621 3341 646 3376 v.
729 3323 894 3392 H]ecorr.
912 3339 938 3389 p.
1021 3325 1062 3374 11.
1100 3339 1151 3388 περ

144 3394 200 3448 ἔδει
219 3395 320 3467 δεῖξαι]
338 3413 365 3464 v,
385 3411 437 3447 om.
448 3394 504 3461 Vp.
579 3398 619 3446 12.
639 3392 698 3463 ξη’]
718 3409 770 3446 om.
782 3392 838 3460 Vv,
858 3391 935 3460 {s'p
955 3393 983 3444 et
1001 3407 1036 3444 m.
1052 3407 1105 3444 rec.
1117 3391 1152 3457 V,

143 3463 183 3524 ξε’
199 3482 234 3518 m.
254 3482 307 3520 rec.
327 3485 352 3520 v.
426 3469 468 3517 14.
489 3463 548 3532 ἔχη]
567 3463 624 3530 Vp,
646 3463 701 3532 ἔχει
719 3482 745 3517 v.
813 3469 855 3516 15.
874 3461 944 3528 πρός
963 3493 994 3500 -
1014 3464 1151 3529 τρίγωνον

145 3531 227 3601 ὀ1λ.)]
246 3551 298 3587 om.
315 3536 400 3604 va,
425 3551 492 3587 corr.
513 3517 615 3586 Comm.
691 3539 732 3586 16.
752 3533 945 3602 τριπλασίονα]
964 3531 1024 3599 Vp,
1048 3551 1102 3599 -ρι-
1121 3531 1151 3584 in
