2488 3938
358 160 407 208 DE
426 157 604 210 SEOTIONE
623 157 802 213 OYLINDRI.
1045 158 1086 222 71

80 323 177 385 quare
208 302 236 366 si
265 323 382 366 conum
407 300 609 384 finxerimus,
642 301 733 366 cuius
761 301 849 367 basis
878 303 921 368 sil
949 302 1088 368 circulus

77 408 195 472 circum
227 407 421 472 diametrum
449 405 521 491 ΡΞ,
553 406 737 492 triangulus
770 411 880 471 aulem
907 431 965 493 per
993 432 1087 475 axem

76 514 202 597 positus
240 513 350 597 ΣΡΞ,
386 513 422 577 in
458 534 539 578 cono
577 535 704 596 quoque
742 512 844 578 seclic
882 515 957 600 esst,
993 517 1085 582 cuius

78 619 251 686 diamelrus
284 624 334 685 esb
365 624 404 685 Ν
406 618 440 693 Ξ.
495 619 561 684 iam
594 620 706 685 eodem
737 621 848 705 modo,
885 642 949 703 quo
981 626 1088 708 antea,

78 727 384 813 demonstrabimus,
411 726 510 792 etiam
537 727 672 791 alteram
700 726 894 792 diametrum
917 732 950 792 et
974 750 1085 794 omnes

76 838 178 898 rectas
201 834 348 899 ordinate
371 834 485 898 ductas
504 834 633 898 easdem
651 855 730 898 esse.
768 854 846 919 ergo
865 832 964 899 eliam
984 856 1085 899 conus

78 940 187 1005 eadem
223 940 331 1025 ellipsi
367 940 436 1005 dati
472 939 609 1024 cylindri
647 943 754 1004 seclus
792 944 854 1019 est3
892 940 978 1026 quod
1013 941 1086 1006 fieri

79 1047 253 1129 oportebat.

519 1132 638 1199 XXIII.

143 1259 230 1326 Gonu
254 1260 331 1325 dato
356 1259 538 1344 cylindrum
559 1259 706 1325 inuenire
729 1265 762 1325 et
781 1266 955 1345 utrumque
975 1283 1084 1326 secare

77 1386 141 1430 nno
170 1367 280 1451 plano,
314 1369 399 1450 quod
430 1389 488 1453 per
521 1366 698 1433 sectionem
728 1368 764 1430 in
793 1371 933 1452 utroque
961 1367 1084 1433 similes

78 1469 202 1556 ellipses
225 1473 354 1539 efficiat.

143 1579 233 1644 delus
265 1581 309 1646 sit
341 1603 456 1667 conus,
489 1582 580 1647 euius
608 1581 696 1646 basis
721 1579 766 1644 sil
794 1579 934 1645 circulus
963 1581 1085 1666 circum

81 1689 111 1747 A
145 1691 300 1771 centrum,
336 1692 450 1752 uertex
487 1692 596 1752 autem
629 1689 788 1772 punclum
819 1689 864 1769 B,
900 1685 1084 1770 triangulus

780 1797 889 1858 aulem
911 1814 969 1878 per
991 1814 1086 1858 axem

778 1899 906 1984 positus
927 1902 1026 1964 ΓΒΔ
1044 1901 1085 1965 ad

779 2006 885 2071 basim
913 2006 986 2071 coni
1015 2029 1087 2092 per-

778 2113 1012 2200 pendicularis,
1052 2119 1085 2180 eb

779 2221 820 2283 ad
828 2224 1000 2304 utramque
1012 2244 1086 2304 par·

779 2329 846 2390 tem
864 2325 1086 2409 producantur

779 2434 894 2514 ΑΓΕ,
913 2437 983 2496 ΑΔ
991 2436 1027 2514 Z,
1051 2437 1084 2497 eb

779 2537 820 2601 ad
833 2542 900 2603 AB
914 2542 1085 2622 punctum-

781 2665 841 2728 que
865 2644 934 2710 eius
958 2649 987 2709 B
1011 2669 1086 2712 con-

779 2968 836 3028 aul
847 2965 954 3030 minor
963 2968 1083 3054 angulo

81 3065 184 3150 ΒΓΔ,
220 3071 447 3151 rectarumque
481 3070 557 3152 ΓΖ,
591 3072 656 3133 ΖΔ
692 3068 799 3133 media
829 3073 1083 3156 proportionalis

79 3178 216 3238 sumatur
237 3176 318 3257 ZH,
342 3179 375 3239 et
398 3174 534 3239 ducalur
551 3178 635 3258 BH,
660 3175 799 3260 quaesili
818 3181 927 3242 autem
945 3179 1085 3263 cylindri

78 3274 156 3342 basis
189 3279 233 3344 sib
265 3285 322 3344 aut
349 3287 381 3345 A
414 3280 552 3346 circidus
586 3284 643 3345 aut
672 3280 754 3347 alius
783 3281 818 3345 in
846 3285 958 3350 ecdem
984 3286 1083 3371 plano

78 3384 196 3462 positus
220 3409 257 3451 ac
282 3387 420 3452 circulus
440 3395 487 3467 A;
510 3387 593 3451 nihil
616 3388 703 3452 enim
720 3388 878 3453 inlererit.
919 3389 963 3455 sit
979 3391 1084 3478 igitur

79 3486 207 3556 circulus
231 3493 353 3558 circum
376 3497 442 3558 ΕΘ
465 3494 671 3580 diametrum,
700 3499 733 3559 el
755 3516 813 3578 per
835 3500 958 3579 puncta
980 3503 1023 3582 E,
1054 3503 1084 3564 Θ
