2488 3938
160 154 225 216 114
430 156 517 207 ΠΕΡΙ
535 155 751 207 KTAINAPOT
768 155 906 208 νοΜΗΣ.

159 301 223 384 άρα
241 299 278 362 αί
294 296 357 362 άπὸ
376 307 436 362 τοῦ
456 301 488 362 Γ
503 298 725 382 ἐφαπτόμεναι
743 307 802 381 τῆς
820 308 963 381 κωνικής
982 297 1173 383 ἐπιφανείας

158 403 237 470 καθ’
273 402 346 481 ἑνδς
378 405 543 490 τριγώνου
576 409 729 490 πλευρῶν
761 407 953 471 πίπτουσιν·
995 405 1073 489 ὅπερ
1108 406 1173 470 ἔδει

159 510 271 589 δείξαι.

635 634 698 717 λγ’.

125 773 141 821 5
233 761 359 826 Τούτου
391 761 431 843 δή
462 758 652 842 δειχθέντος
682 755 763 824 ἐστω
797 764 962 846 τρίγωνον
994 760 1031 825 τδ
1064 763 1172 841 ΑΒΓ,
1225 777 1226 852 η

158 865 214 931 καὶ
236 867 325 952 παρὰ
348 867 409 949 τήν
431 868 500 929 ΒΓ
516 865 616 948 βάσιν
639 866 676 929 αί
696 869 774 948 ΔΕ,
795 869 872 949 ΖΗ,
893 863 948 930 καὶ
972 867 1125 951 εἰλήφθω
1144 889 1171 929 τι

160 985 296 1057 σημεῖον
319 972 355 1037 τὸ
383 976 411 1036 Θ
433 973 476 1055 μή
501 971 541 1036 δν
560 970 597 1037 ἐν
614 981 659 1059 τῷ
679 980 739 1035 τοῦ
758 974 924 1057 τριγώνου
945 971 1100 1060 ἐπιπέδῳ,
1122 969 1172 1036 καί
1227 1010 1228 1076 η

160 1079 400 1163 ἐπιζευχθεῖσαι
423 1080 460 1142 αι’
483 1083 559 1162 ΘΔ,
577 1082 649 1161 ΘΖ,
667 1082 744 1162 ΘΗ,
762 1083 827 1143 ΘΕ
844 1078 1056 1163 ἐμβληθεῖσαι
1076 1095 1172 1166 προσ·

159 1183 366 1251 πιπτέτωσαν
397 1183 537 1272 ἐπιπέδῳ
568 1183 635 1250 τινὶ
666 1187 864 1272 παραλλήλῳ
897 1189 970 1252 ὄντι
1000 1196 1046 1275 τῳ
1077 1188 1176 1251 ΑΒΓ

106 1307 140 1354 10
160 1290 302 1378 ἐπιπέδῳ
326 1292 408 1355 κατὰ
431 1291 471 1355 τά
490 1295 531 1374 Κ,
555 1296 595 1375 Λ,
619 1296 667 1376 Μ,
691 1297 730 1356 Ν
749 1302 878 1376 σημεῖα·
901 1292 939 1357 τδ
964 1294 1005 1377 δή
1030 1295 1088 1358 διά
1110 1303 1173 1356 τῶν

160 1403 241 1483 ΕΔ,
265 1403 332 1463 ΚΘ
360 1397 502 1463 εὐθειῶν
535 1397 690 1464 ἐπίπεδον
723 1398 965 1483 ἐκβαλλόμενον
996 1413 1090 1484 τεμεῖ
1120 1397 1170 1463 καὶ

111 1527 114 1534 “
159 1505 197 1571 τὸ
220 1509 377 1571 ΚΛΜΝ
401 1505 556 1570 ἐπίπεδον
579 1502 634 1569 καὶ
656 1507 786 1587 ποιήσει
810 1504 846 1570 ἐν
869 1506 958 1594 αὐτῷ
982 1509 1102 1591 κοινήν
1124 1529 1172 1569 το-
1231 1476 1232 1550 δ

159 1615 225 1699 μήν
261 1615 322 1698 τήν
358 1615 435 1676 ΚΝ
467 1613 604 1676 εὐθεῖαν
640 1613 852 1698 παράλληλον
889 1609 995 1679 οὖσαν
1027 1623 1068 1700 τῇ
1101 1617 1171 1677 ΒΛ.

160 1719 281 1805 ὁμοίως
304 1717 340 1784 δέ
363 1717 419 1784 καὶ
441 1718 478 1782 τὸ
501 1719 557 1783 διὰ
575 1729 643 1784 τῶν
663 1722 739 1801 ΖΗ,
759 1723 790 1782 Λ
797 1723 826 1783 Θ
844 1719 1001 1785 ἐπίπεδον
1020 1720 1171 1804 ἐκβαλλό-
1233 1710 1234 1740 ¹

107 1841 140 1888 15
159 1851 262 1911 μενον
284 1828 413 1908 ποιήσει
436 1825 649 1910 παράλληλον
672 1835 711 1910 πή
732 1829 804 1889 ΖΗ
818 1827 879 1909 τήν
898 1829 982 1890 ΛΜ.
1022 1825 1093 1892 ἐπεὶ
1116 1821 1171 1890 οὖν
1234 1895 1235 1920 ,

159 1934 196 1998 τὸ
215 1935 319 1996 ΚΘΛ
338 1930 494 1995 ἐπίπεδον
517 1929 666 2015 τέμνεται
684 1929 750 1995 ὑπὸ
769 1932 990 2017 παραλλήλων
1010 1931 1169 1998 ἐπιπέδων

159 2051 227 2104 τῶν
245 2041 359 2122 ΑΒΓ,
374 2041 540 2122 ΚΛΜΝ,
555 2035 710 2102 αίαοιναὶ
725 2037 835 2102 αὐτῶν
848 2037 946 2122 τομαὶ
960 2039 998 2103 οιί
1011 2042 1096 2124 ΚΛ,
1111 2041 1170 2103 ΔΖ
1234 2067 1236 2116 1

159 2147 367 2231 παράλληλοί
392 2147 476 2209 εἰσιν
499 2145 663 2228 ἀλλήλαις.
709 2145 765 2208 διά
789 2145 891 2209 ταύτά
915 2142 951 2209 δέ
974 2143 1030 2210 καὶ
1052 2145 1074 2229 ή
1098 2146 1174 2210 ΝΜ
1234 2127 1236 2236 ή

159 2264 199 2340 τῇ
227 2257 299 2317 ΗΕ
323 2252 532 2338 παράλληλός
565 2252 667 2317 ἐστιν·
701 2251 912 2335 ἐκβληθείσαι
943 2255 1006 2340 ἄρα
1034 2255 1072 2318 αί
1097 2254 1170 2330 ΚΑ,
1235 2249 1236 2284 ³

107 2373 141 2422 20
160 2366 243 2426 MN
262 2367 506 2444 συμπεσοῦνται
531 2359 672 2423 κατὰτὸ
697 2358 732 2431 Ξ.
779 2357 848 2424 ἐπεὶ
871 2355 933 2425 οὖν
956 2360 1018 2424 δύο
1043 2363 1081 2424 αι’
1100 2357 1170 2438 ΚΞ,

160 2468 232 2541 ΞΝ
250 2465 328 2532 δυσὶ
350 2478 422 2543 ταῖς
444 2470 525 2549 ΔΑ,
549 2469 617 2529 ΑΕ
637 2464 845 2552 παράλληλοί
866 2467 965 2550 εἰσιν,
990 2473 1044 2550 ίση
1068 2465 1169 2553 άραή

159 2575 243 2659 πρὸς
268 2583 314 2661 τῳ
339 2574 494 2656 Ξγωνία
516 2582 556 2658 τῇ
577 2572 661 2657 πρὸς
683 2581 729 2660 τῳ
753 2577 793 2636 Α.
838 2573 939 2637 πάλιν
963 2571 1032 2638 ἐπεὶ
1056 2575 1118 2639 δύο
1139 2571 1172 2634 αἱ

161 2679 235 2762 ΞΚ,
254 2683 328 2743 ΚΝ
348 2677 425 2744 δυσὶ
448 2690 520 2755 ταῖς
538 2684 618 2762 ΑΔ,
637 2683 707 2743 ΛΕ
727 2680 935 2765 παράλληλοί
955 2682 1051 2765 είσιν,
1070 2680 1091 2764 ή
1110 2681 1168 2764 ἄρα

159 2786 225 2850 ὑπὸ
253 2795 320 2850 τῶν
348 2784 425 2868 ΞΚ,
449 2787 525 2848 ΚΝ
547 2788 653 2867 γωνία
675 2795 715 2870 τῇ
738 2783 803 2850 ὑπὸ
826 2790 911 2868 ΑΔ,
934 2790 1004 2850 ΔΕ
1026 2791 1088 2870 ίση.
1132 2784 1167 2848 τά

107 2905 141 2954 25
160 2895 224 2977 άρα
248 2892 361 2976 ΞΚΝ,
384 2895 489 2956 ΑΒΓ
507 2895 653 2978 τρίγωνα
677 2890 774 2976 ὅμοιά
796 2891 887 2957 ε’στιν
910 2891 1072 2975 ἀλλήλοις.

225 2997 300 3064 Ἐάν
328 2995 390 3066 οὖν
417 3000 518 3065 πάλιν
545 3001 582 3064 τὸ
610 2996 671 3084 μὲν
696 3003 725 3063 Θ
748 3011 883 3083 σημεῖον
905 2997 1113 3084 ὑποθάμεθα
1133 2995 1166 3059 τὸ

161 3111 305 3192 φωτιζον
327 3101 428 3189 εἶναι,
455 3107 493 3171 τὸ
517 3101 554 3170 δέ
578 3109 683 3171 ΑΒΓ
699 3109 864 3192 τρίγωνον
886 3105 923 3170 τὸ
946 3104 1166 3192 ἐπιπροσθοῦν

232 3304 257 3352 4.
276 3297 333 3369 λγ]
353 3314 406 3352 om.
426 3298 459 3352 V.
533 3304 556 3378 5
576 3299 674 3378 ΑΒΓ]
693 3315 719 3366 v,
739 3313 795 3366 seq.
816 3297 940 3366 spatium
958 3297 1048 3353 41ἰλλ.
1068 3315 1094 3364 ος
1112 3311 1163 3375 ευρ.

163 3368 286 3436 spatium
305 3374 321 3422 4
340 3368 395 3422 litt.
421 3371 450 3422 et
473 3368 503 3420 in
526 3368 575 3422 hn.
594 3385 723 3437 proma
747 3374 762 3422 5
781 3368 836 3423 litt.
855 3369 889 3438 V,
918 3386 975 3438 mg.
993 3388 1030 3426 m.
1049 3386 1113 3423 rec.:
1137 3381 1163 3417 111

163 3439 325 3507 apographo
344 3439 453 3492 nullum
473 3441 534 3492 erat
553 3438 683 3507 spatium.
757 3444 798 3494 14.
818 3440 861 3510 τό]
879 3442 979 3508 postea
998 3439 1050 3494 ins.
1064 3459 1097 3494 m.
1113 3443 1126 3490 1
1143 3452 1163 3487 c.

199 3514 241 3562 21.
261 3509 328 3578 ἄρα]
348 3526 400 3563 om.
421 3526 443 3564 ο,
518 3516 559 3564 22.
579 3515 617 3580 τῷ
632 3511 813 3581 (utrumque)]
833 3509 939 3580 scripsi,
958 3510 990 3565 τό
1009 3511 1061 3566 Vc.
