2488 3938
154 150 198 214 50
424 153 512 203 ΠΕΡΙ
529 152 744 206 ΚΤΑΙΝΔΡΟΤ
761 155 896 206 ΤΟΜΗΣ.

155 313 218 361 σαν
236 291 274 360 δέ
291 292 401 360 κοιναί
420 293 517 380 τομαὶ
536 296 639 361 αὐτοῦ
653 294 789 362 καὶτῶν
802 299 1023 382 παραλλήλων
1036 300 1174 363 κύκλων

154 404 192 467 αί
208 405 290 486 ΣΤ,
309 401 385 485 ΞΟ,
405 407 484 485 ΠΡ,
504 401 607 467 αὐτοῦ
626 399 663 468 δέ
681 401 812 486 καὶτῆς
830 407 940 468 ΕΖΗ
952 414 1054 488 τομῆς
1071 407 1173 489 κοινὴ
1235 429 1236 468 ι

154 511 236 593 τομῆ
265 512 346 574 ἔστω
374 509 395 592 ἡ
423 512 510 573 ΜΝ.
561 507 630 574 ἐπεὶ
656 504 719 574 οὖν
746 510 939 595 παράλληλα
968 511 1105 577 ἐπίπεδα
1126 513 1173 575 τδι

155 620 229 700 ΓΔ,
253 620 319 680 ΡΣ
338 611 488 700 τέμνεται
510 616 575 680 ὑπὸ
598 625 658 681 τοῦ
680 620 784 680 ΚΖΛ
807 616 975 702 ἐπιπέδου,
998 621 1036 684 αἱ
1058 617 1173 684 κοιναὶ

120 735 136 783 5
155 724 265 789 αὐτῶν
287 721 384 807 τομαὶ
406 722 613 808 παράλληλοί
633 724 709 787 είσι·
737 724 946 808 παράλληλος
969 727 1033 811 ἄρα
1055 725 1076 808 ἡ
1098 729 1174 789 ΚΘ

154 830 287 917 τῆΝΞ.
324 823 426 912 ῆνδλ
448 827 504 894 καὶ
526 828 546 910 ἡ
568 834 632 894 ΘΕ
653 838 692 914 τῆ
716 835 796 896 ΝΜ
815 831 1035 916 παράλληλος·
1059 831 1080 916 ῆ
1103 833 1171 916 ἄρα

155 1050 220 1110 ΡΣ
239 1045 582 1129 παραλληλόγραμμον
606 1044 782 1124 ἰσογώνιόν
805 1043 875 1108 έστι
893 1054 938 1132 τῷ
959 1048 1024 1111 ΓΔ
1041 1050 1170 1133 παραλ-
1237 1013 1238 1034 λ

153 1149 389 1237 ληλογροίμμςο,
416 1149 461 1225 ὡς
489 1148 621 1233 ἐδείχθη
646 1148 681 1214 έν
703 1159 748 1237 τῷ
772 1149 805 1232 γ’
829 1153 1035 1236 θεωρήματι,
1058 1152 1078 1235 ῆ
1102 1155 1171 1238 ἄρα

102 1272 136 1320 10
154 1257 219 1323 ὑπὸ
251 1267 318 1321 τῶν
349 1260 457 1320 ΣΠΡ
479 1258 585 1338 γωνία
617 1265 656 1342 τῆ
683 1255 748 1321 ὑπὸ
777 1267 844 1322 τῶν
871 1260 971 1322 ΕΓΑ
1002 1265 1056 1342 ίση
1088 1258 1171 1342 ἐστι’,

154 1362 323 1429 τουτέστιν
343 1362 363 1444 ἡ
382 1362 447 1427 ὑπὸ
465 1361 575 1435 ΣΞΝ
588 1370 628 1448 τῆ
646 1362 711 1428 ὑπὸ
731 1367 846 1427 ΕΚΘ·
869 1364 966 1448 ὅμοια
985 1366 1049 1448 ἄρα
1069 1365 1169 1448 ἀλλή-

154 1476 225 1547 λοις
251 1471 291 1534 τδι
317 1473 434 1552 ΕΚΘ,
458 1467 576 1542 ΜΞΝ
596 1472 750 1555 τρίγωνα.
796 1470 840 1546 ὡς
862 1472 927 1555 ἄρα
949 1471 970 1554 ἡ
994 1475 1061 1535 ΚΘ
1084 1472 1171 1558 πρὸς
1239 1499 1240 1548 ι

156 1581 228 1661 ΘΕ,
250 1576 356 1654 οὕτως
378 1576 398 1661 ἡ
418 1575 490 1650 ΞΝ
508 1577 591 1662 πρὸς
608 1579 701 1640 ΝΜ·
724 1574 781 1640 καὶ
804 1577 848 1652 ὡς
870 1578 907 1641 τὸ
931 1577 994 1643 ἀπὸ
1018 1587 1077 1662 τῆς
1099 1582 1169 1643 ΚΘ

153 1686 216 1770 ἄρα
243 1685 326 1769 πρὸς
352 1685 388 1748 τὸ
417 1682 481 1747 ἀπὸ
505 1690 563 1765 τῆς
587 1686 663 1765 ΘΕ,
690 1681 839 1747 τουτέστι
862 1684 899 1748 τὸ
923 1683 987 1748 ἀπὸ
1010 1693 1068 1767 τῆς
1092 1686 1169 1750 δευ-

101 1808 134 1856 15
152 1789 248 1876 τέρας
275 1788 453 1874 διαμέτρου
480 1797 538 1872 τῆς
567 1792 632 1852 ΦΖ
659 1790 743 1874 πρὸς
769 1791 806 1854 τὸ
833 1788 896 1855 ἀπὸ
920 1799 977 1874 τῆς
1000 1795 1075 1855 ΕΗ
1096 1793 1168 1856 δια-

152 1896 284 1982 μέτρου,
308 1896 412 1971 οὕτως
434 1897 471 1960 τὸ
494 1894 558 1960 ἀπὸ
581 1906 640 1978 τῆς
663 1894 733 1970 ΞΝ
751 1897 834 1981 πρὸς
856 1896 893 1961 τὸ
918 1895 981 1961 ἀπὸ
1005 1906 1063 1981 τῆς
1081 1901 1168 1964 ΝΜ.

153 2003 236 2067 ἀλλὰ
257 2003 295 2067 τὸ
319 2001 382 2066 ἀπὸ
405 2010 463 2085 τῆς
480 2006 520 2067 Ν
521 2000 551 2074 Ξ
567 2007 641 2067 ίσον
660 2000 728 2066 έστλ
746 2011 792 2090 τῷ
810 2002 875 2067 ὑπὸ
894 2013 962 2067 τῶν
984 2007 1065 2087 ΦΝ,
1082 2008 1167 2069 ΝΖ·

153 2109 273 2184 κύκλος
298 2108 361 2194 γάρ
390 2108 480 2174 ἐστιν
507 2108 524 2173 ὁ
548 2111 665 2192 ΚΖΛ,
691 2107 746 2173 καλ
773 2109 861 2194 ὀρθὴ
889 2109 909 2192 ἡ
940 2114 1002 2174 ΘΖ
1031 2108 1085 2174 ἕπλ
1108 2112 1169 2186 τὰς

153 2219 234 2300 ΚΘ,
258 2214 333 2290 ΞΝ.
392 2214 436 2292 ὡς
462 2217 526 2301 ἄρα
557 2217 594 2280 τὸ
628 2214 691 2280 ἀπὸ
721 2224 778 2299 τῆς
808 2220 872 2280 ΦΖ
905 2215 1062 2301 δευτέρας
1094 2218 1166 2282 δια-

100 2343 135 2392 20
152 2322 273 2409 μέτρου
296 2324 379 2411 πρὸς
401 2324 438 2388 τὸ
451 2321 525 2403 ,ἀπὸ
544 2330 602 2405 τῆς
620 2325 693 2386 ΕΗ
708 2321 896 2408 διαμέτρου,
920 2322 1025 2398 οὕτως
1043 2324 1080 2388 τὸ
1099 2323 1165 2388 ὑπὸ

152 2443 220 2497 τῶν
254 2435 338 2514 ΦΝ,
361 2435 429 2495 ΝΖ
461 2430 544 2515 πρὸς
570 2430 608 2494 τὸ
637 2428 700 2493 ἀπὸ
728 2438 785 2512 τῆς
813 2433 903 2494 ΜΝ·
945 2428 963 2494 ὃ
993 2428 1166 2526 προέκειτο

152 2535 264 2615 δείξαι.

631 2623 686 2702 ιζ’.

216 2747 293 2814 Ἐδν
316 2749 497 2835 κυλίνδρου
521 2757 621 2832 τομῆς
644 2751 794 2831 συζυγεῖς
817 2749 986 2836 διάμετροι
1010 2745 1084 2829 ὦσι,
1109 2747 1163 2815 καὶ

100 2874 133 2924 25
152 2863 287 2943 ποιηθῇ,
310 2855 355 2931 ὡς
377 2856 397 2938 ῆ
420 2855 594 2940 διάμετρος
615 2864 672 2939 τῆς
695 2863 796 2940 τομῆς
817 2856 900 2940 πρὸς
924 2857 985 2939 τῆν
1003 2854 1162 2942 δευτέραν

152 2965 339 3049 διάμετρον,
360 2962 464 3038 οὕτως
482 2960 502 3044 ἡ
518 2960 655 3047 δευτέρα
673 2962 847 3046 διάμετρος
864 2963 947 3047 πρὸς
960 2963 1063 3046 δίλλην
1077 2961 1161 3044 τινί,

150 3073 223 3157 ῆτις
245 3069 287 3136 δν
310 3066 373 3133 ἀπὸ
396 3077 454 3152 τῆς
473 3073 577 3153 Ιτομῆς
597 3067 650 3133 ε’πλ
667 3069 728 3152 τὴν
747 3067 925 3154 διάμετρον
943 3066 1031 3153 ἀχθῇ
1049 3090 1159 3150 τεταγ-

151 3177 267 3264 μένως,
286 3176 463 3258 δυνήσεται
480 3176 517 3239 τὸ
536 3175 625 3260 παρὰ
643 3176 704 3259 τῆν
722 3179 837 3262 τρίτην
855 3174 1020 3257 ἀνάλογον
1038 3175 1160 3249 πλοίτος

153 3288 228 3368 ἔχον
250 3284 311 3367 τῆν
333 3279 390 3346 ὑπ’
412 3281 513 3364 αὐτῆς
535 3290 592 3364 τῆς
614 3280 816 3365 τεταγμένως
839 3281 997 3365 ἀχθείσης
1014 3280 1157 3366 ἀπολαμ-

223 3440 468 3510 ε.Να]πΝρ.
528 3439 822 3509 mmmm.
878 3444 901 3492 ο.
921 3403 1155 3511 293'7‘1215270.

189 3519 231 3566 10.
249 3519 305 3566 τῶν
319 3509 501 3579 (utrumque)]
520 3524 573 3561 om.
592 3525 618 3576 p.
684 3514 724 3563 11.
743 3509 773 3581 ἡ]
794 3526 946 3579 suprascr.
966 3527 989 3565 ο.
1054 3515 1095 3565 17.
1114 3505 1155 3577 τί]
