2488 3938
170 161 232 226 108
437 161 525 215 ΠΕΡΙ
541 164 758 216 mmffo'r
775 163 910 215 τουΗΣ.

167 315 224 389 τῆς
244 310 310 371 ZA
331 306 414 392 πρὸς
436 307 497 388 τὴν
515 311 583 371 EA
605 304 661 370 καὶ
683 315 743 371 τοῦ
765 315 824 390 τῆς
843 311 911 371 ΕΛ
928 307 1012 393 πρὸς
1030 312 1060 371 A
1066 305 1104 389 Ξ,
1123 303 1175 369 καλ

167 413 186 478 6
214 421 271 496 τῆς
294 415 376 477 MA.
393 413 475 498 πρὸς
498 416 570 477 ΛΚ
594 415 691 494 λόγος
718 414 782 498 ἄρα
810 413 980 495 σύγκειται
1003 416 1038 478 ἔκ
1058 435 1095 477 τε
1118 421 1175 477 τοῦ

166 529 224 603 τῆς
248 524 314 585 ZA
336 519 418 605 πρὸς
440 520 502 602 τὴν
520 523 587 584 EA
609 516 664 584 καὶ
684 527 744 583 τοῦ
762 528 820 603 τῆς
832 515 906 584 ἘΔ
923 521 1008 606 πρὸς
1025 521 1085 604 τὴν
1104 518 1178 591 ΛΞ.

167 625 240 692 ἀλλ’
266 626 283 692 6
306 623 367 711 μὲν
389 635 448 708 τῆς
468 629 533 689 ZA
554 626 637 712 πρὸς
660 627 720 708 τὴν
739 629 806 691 EA
825 627 923 708 λόγος
945 626 963 692 6
987 627 1087 702 αὐτός
1110 625 1176 690 ἐστι

131 743 211 821 στῷ
235 743 293 816 τῆς
313 736 385 798 ΖΗ
398 733 480 818 πρὸς
503 733 564 816 τὴν
581 735 653 796 ΗΕ
670 732 726 796 διδι
748 733 809 815 τὴν
831 732 1006 816 ὑπόθεσιν,
1030 732 1047 798 6
1067 728 1104 796 δὲ
1122 740 1177 812 τῆς

165 845 234 904 EA
251 841 333 925 πρὸς
350 840 412 922 τὴν
429 843 462 902 A
468 838 504 921 Ξ,
528 836 697 902 τουτέστιν
718 838 736 903 6
758 847 818 921 τῆς
836 843 909 905 ΕΝ
925 840 1008 925 πρὸς
1026 841 1086 922 τὴν
1106 837 1176 912 ΞΠ,

166 946 183 1011 6
207 946 306 1022 αὐτὸς
330 945 464 1028 ἐδείχθη
482 954 527 1031 τῷ
550 954 608 1026 τῆς
632 949 697 1009 OE
717 946 800 1031 πρὸς
818 948 879 1029 τὴν
897 950 976 1009 ΠΡ·
1001 946 1019 1011 6
1039 949 1103 1032 ἄρα
1122 954 1177 1026 τῆς

165 1056 244 1116 MA
263 1053 346 1137 πρὸς
367 1051 429 1134 τὴν
448 1054 521 1115 AK
540 1054 638 1133 λόγος
660 1052 828 1134 σύγκειται
851 1055 887 1116 ἔκ
905 1075 940 1117 τε
958 1062 1019 1117 τοῦ
1037 1061 1096 1136 τῆς
1111 1054 1179 1117 ΖΗ

165 1158 248 1243 πρὸς
266 1161 339 1221 HE
359 1159 461 1238 λόγου
483 1155 539 1221 καὶ
556 1165 617 1222 τοῦ
636 1167 694 1240 τῆς
714 1162 780 1223 OE
795 1159 878 1244 πρὸς
895 1159 957 1242 τὴν
976 1163 1014 1223 Π
1016 1164 1049 1224 P.
1079 1158 1178 1224 πάλιν

114 1276 148 1325 10
167 1261 236 1329 ἐπεὶ
259 1262 277 1328 6
300 1271 358 1346 τῆς
380 1266 456 1327 ΜΛ
477 1264 561 1349 πρὸς
582 1265 644 1347 τὴν
666 1268 738 1328 ΑΚ
757 1267 854 1347 λόγος
876 1264 894 1330 6
918 1265 1019 1342 αὐτός
1041 1265 1111 1331 ε’στι
1133 1273 1175 1351 τῷ
1235 1307 1236 1360 ,

165 1378 223 1451 τῆς
252 1373 323 1434 ΖΠ
345 1370 429 1455 πρὸς
455 1371 516 1454 τὴν
543 1374 622 1453 ΠΡ,
650 1369 667 1435 6
694 1367 730 1434 δὲ
752 1380 811 1454 τῆς
835 1374 908 1434 ΖΠ
925 1373 1007 1457 πρὸς
1029 1374 1089 1455 τὴν
1115 1374 1182 1436 ΠΡ

166 1478 264 1558 λόγος
295 1477 462 1559 σύγκειται
494 1479 529 1541 ἔκ
560 1500 595 1541 τε
627 1485 687 1542 τοῦ
718 1486 776 1561 τῆς
810 1481 881 1541 ΖΠ
907 1478 990 1564 πρὸς
1021 1479 1083 1562 τὴν
1118 1481 1179 1543 OE

166 1585 282 1666 λόγου,
309 1582 458 1648 τουτέστι
486 1592 546 1648 τοῦ
569 1592 626 1666 τῆς
651 1587 722 1647 ΖΗ
741 1585 824 1669 πρὸς
846 1585 906 1668 τὴν
929 1588 1013 1668 HE,
1041 1582 1094 1649 καὶ
1120 1591 1175 1647 τοῦ

165 1698 224 1774 τῆς
248 1695 312 1755 OE
333 1691 415 1776 πρὸς
437 1691 498 1774 τὴν
522 1694 601 1773 ΠΡ,
628 1687 684 1754 καὶ
707 1690 724 1756 6
747 1699 805 1774 τῆς
828 1695 903 1755 ΜΛ
926 1692 990 1776 ἄρα
1013 1692 1095 1777 πρὸς
1118 1691 1178 1772 τὴν

114 1809 147 1858 15
167 1799 238 1860 ΛΚ
257 1799 355 1879 λόγος
378 1797 545 1878 σύγκειται
568 1799 604 1861 ἔκ
626 1818 661 1860 τε
683 1805 743 1861 τοῦ
766 1805 824 1880 τῆς
841 1800 910 1860 ΗΖ
928 1798 1012 1884 πρὸς
1029 1798 1091 1881 τὴν
1108 1799 1178 1861 ΗΕ

167 1905 267 1985 λόγου
290 1900 345 1966 καὶ
367 1911 427 1967 τοῦ
450 1911 508 1985 τῆς
527 1907 592 1967 OE
609 1904 693 1988 πρὸς
714 1904 776 1987 τὴν
794 1908 833 1968 Π
834 1908 868 1968 Ρ.
906 1903 1040 1987 ἐδείχθη
1064 1901 1101 1968 δὲ
1124 1899 1173 1967 καὶ

166 2008 184 2074 6
212 2017 270 2091 τῆς
296 2012 375 2072 MA
401 2009 484 2094 πρὸς
510 2010 572 2092 τὴν
600 2012 672 2074 ΔΚ
697 2013 794 2091 λόγος
817 2009 852 2074 ἐκ
875 2020 942 2075 τῶν
965 2009 1077 2075 αὐτῶν
1100 2026 1173 2091 συγ-

166 2117 327 2198 κείμενος·
360 2115 405 2190 ὡς
427 2115 491 2200 ἄρα
513 2112 533 2197 6
553 2119 630 2179 MA
653 2117 735 2201 πρὸς
757 2117 819 2200 τὴν
837 2119 916 2199 AK,
939 2115 1045 2192 οὕτως
1062 2115 1083 2198 6
1103 2117 1174 2182 MA

165 2222 248 2307 πρὸς
270 2218 332 2304 τὴν
355 2224 431 2285 ΛΚ.

114 2342 148 2390 20
234 2328 355 2413 ὁμοίως
383 2324 420 2391 δὲ
447 2327 671 2411 δειχθήσεται,
698 2327 762 2393 κδν
785 2329 882 2393 ἄλλαι
905 2329 1092 2412 διαχθῶσιν
1115 2327 1173 2393 ἀπὸ

165 2443 225 2500 τοῦ
252 2441 298 2501 A·
325 2443 427 2500 στᾶσαι
454 2434 517 2521 γὰρ
544 2432 609 2498 ὑπὸ
637 2442 695 2517 τῆς
722 2439 790 2499 AO
818 2436 1091 2523 διαιρεθήσονται
1118 2436 1172 2499 τὸν
1236 2479 1237 2508 ,

166 2540 340 2627 εἰρημένον
362 2544 498 2627 τρόπον·
523 2541 601 2626 ὅπερ
625 2541 691 2605 ἔδει
715 2538 826 2618 δεῖξαι.

232 2646 307 2711 Κδν
329 2647 366 2710 αλ
382 2646 445 2712 ἀπὸ
464 2655 524 2711 τοῦ
544 2652 577 2711 A
595 2647 784 2730 διαχθεῖσαι
803 2645 967 2729 ἀνάλογον
986 2643 1047 2712 ὦσι
1065 2671 1171 2732 τετμη-

165 2751 270 2835 μέναι,
288 2749 336 2816 ἵν’
351 2745 382 2837 6,
401 2752 445 2828 ὡς
463 2748 523 2836 μὲν
541 2753 561 2836 6
582 2758 648 2817 ZA
665 2754 748 2839 πρὸς
766 2755 827 2837 τὴν
845 2758 922 2837 AE,
946 2754 1052 2830 οὕτως
1069 2755 1089 2838 6
1110 2757 1172 2818 ΖΗ

113 2870 146 2919 25
165 2859 247 2944 πρὸς
270 2858 330 2940 τὴν
353 2862 437 2940 ΗΕ,
466 2855 509 2935 ὡς
532 2856 570 2924 δὲ
592 2860 612 2943 6
635 2864 712 2924 MA
733 2861 816 2946 πρὸς
837 2862 898 2945 τὴν
921 2863 1005 2944 AK,
1029 2860 1134 2937 οὕτως
1154 2859 1172 2941 6

165 2969 241 3029 MA
262 2965 346 3050 πρὸς
367 2965 428 3048 τὴν
451 2968 532 3049 ΛΚ,
555 2966 576 3049 6
598 2967 657 3042 τὰς
680 2965 716 3030 ἐν
737 2975 783 3054 τῷ
806 2967 956 3054 τριγώνῳ
981 2963 1171 3051 ἀπειλημμέ-

165 3095 225 3148 νας
253 3071 399 3153 εὐθείας,
427 3063 499 3136 οἷον
526 3073 584 3149 τὰς
609 3077 685 3156 ΖΕ,
709 3075 798 3156 ΜΚ,
825 3072 989 3156 ἀνάλογον
1012 3072 1170 3158 τέμνουσα

97 3187 101 3206 ‘
165 3178 280 3244 εὐθεῖα
304 3177 481 3262 διαγομένη
505 3179 560 3242 διὰ
583 3187 640 3261 τῆς
662 3188 811 3265 κορυφῆς
832 3177 900 3262 ἥξει
923 3188 983 3244 τοῦ
1001 3180 1171 3265 τριγώνου.

202 3369 418 3512 156'166166916116
423 3372 481 3508 δι,
502 3458 569 3495 corr.
585 3441 688 3497 Oomm.
755 3447 796 3497 23.
817 3445 864 3496 δια
882 3443 995 3534 θεῖταιρ
1009 3459 1037 3511 ο,
1056 3458 1123 3496 corr.
1138 3455 1168 3493 ex

166 3511 305 3579 διαχθῶσι
323 3529 358 3564 m.
375 3516 389 3564 1
406 3510 439 3579 V,
459 3512 617 3581 διαχθῶσαι
635 3530 660 3567 v.
734 3519 775 3568 26.
795 3513 825 3585 6]
844 3464 958 3583 Hzalley,
977 3535 995 3582 η
1013 3514 1066 3568 Vc.

453 3369 486 3439 V,
506 3370 576 3437 πρὸς
588 3371 639 3441 τὴν
654 3374 713 3431 ΔΞ
728 3387 750 3426 0.
805 3372 854 3426 καὶ
873 3371 888 3426 6
904 3403 935 3412 -
951 3376 975 3425 3.
995 3372 1066 3443 ΔΞ]
1086 3387 1137 3424 om.
1148 3386 1167 3422 ο.
