2488 3938
160 158 202 220 72
429 158 517 208 ΠΕΡΙ
534 157 750 209 ΚΤΛΙΝΔΡΟΤ
767 155 904 208 ΤΟΜΗΣ.

161 305 259 367 ΓΒΔ
286 302 445 389 τριγώνῳ.
497 297 552 365 καὶ
580 298 649 365 ἐπεὶ
675 299 695 382 ἡ
724 304 787 364 ΒΖ
815 298 923 383 τέμνει
950 303 1012 385 τὴν
1038 304 1124 384 ΒΗ,
1154 299 1173 382 ἡ

160 412 223 472 ΒΖ
246 409 310 492 άρα
333 406 555 492 ἐκβαλλομένη
578 407 685 483 τάσας
707 408 765 483 τὰς
787 417 827 492 τῇ
849 410 924 471 ΒΗ
940 409 1176 493 παραλλήλους

161 511 211 580 ἐπ’
242 515 381 600 άιιειρονΙ
407 511 649 598 ἐκβαλλομένας
675 512 796 598 τέμνεν
829 512 884 578 καὶ
913 515 950 578 αδ
970 514 1176 599 παράλληλοι

161 617 223 688 οὖν
245 629 284 706 τῇ
303 625 366 685 ΒΖ
390 623 448 697 τὰς
466 631 505 707 τῇ
525 624 599 686 ΒΗ
611 622 843 705 παραλλήλους
861 619 1047 703 τέμνουσιν.
1077 622 1175 706 ἤχθω

126 739 142 787 5
161 737 201 812 τῇ
219 732 282 792 ΒΖ
300 728 509 813 παράλληλος
527 726 547 810 ἡ
566 731 650 792 ΜΝ
663 724 718 791 καὶ
740 725 938 809 ἐκβληθεῖσα
956 726 1096 811 τεμνέτω
1116 727 1175 800 τάς

164 839 245 919 ΘΛ,
264 838 334 899 ΕΚ
348 835 431 900 κατὰ
449 835 489 899 τά
509 833 545 918 Ξ,
562 839 590 899 O
609 844 734 918 σημεῖα,
753 830 808 897 καὶ
827 842 867 918 τῇ
884 838 950 899 ΕΘ
967 834 1176 920 παράλληλος

160 942 256 1024 ἤχθω
280 939 300 1023 ἡ
323 944 392 1005 ΚΛ
414 939 469 1005 καλ
492 939 568 1026 περὶ
589 941 651 1024 τὴν
669 942 737 1004 ΚΛ
757 937 933 1025 διάμετρον
955 940 1076 1016 κύκλος
1093 961 1174 1022 καρ-

162 1047 303 1129 άλληλος
329 1056 374 1134 τῳ
401 1045 476 1131 περὶ
505 1048 565 1131 τὴν
587 1051 665 1111 ΕΘ·
697 1048 898 1130 νοηθήσεται
921 1046 962 1128 δὴ
985 1047 1172 1132 κύλινδρος,

163 1149 204 1218 οὗ
235 1153 349 1235 βάσεις
379 1149 440 1237 μὲν
472 1156 507 1217 ολ
536 1157 614 1237 ΕΘ,
637 1155 707 1216 ΚΛ
737 1153 867 1235 κύκλοι,
899 1154 936 1217 τὸ
968 1149 1005 1217 δὲ
1033 1153 1088 1217 διὰ
1113 1159 1173 1217 τοῦ

110 1272 145 1320 10
164 1257 282 1336 άξονος
303 1262 646 1346 παραλληλόγραμμον
668 1260 705 1324 τὸ
730 1263 764 1324 K
768 1263 810 1343 Θ,
834 1259 989 1341 δηλονότι
1016 1257 1072 1324 καὶ
1094 1258 1172 1322 αὐτὸ

162 1366 246 1449 πρὸς
268 1365 374 1450 ὀρθάς
398 1365 437 1430 δν
460 1375 499 1451 τῇ
514 1366 620 1449 βάσει.
656 1364 712 1430 καὶ
731 1365 789 1431 ἐάν
808 1365 864 1430 διὰ
881 1374 941 1430 τοῦ
961 1369 1006 1430 Μ
1018 1376 1059 1451 τῇ
1078 1367 1172 1430 ΓΔΖ

163 1471 257 1554 βάσει
279 1473 362 1559 πρὸς
385 1471 492 1558 ὀρθάς
514 1472 688 1557 ἀγάγωμεν
706 1473 767 1554 τὴν
785 1476 862 1536 ΜΡ
876 1471 913 1536 έν
931 1481 976 1559 τῳ
996 1472 1086 1560 αὐτῷ
1109 1469 1171 1536 έτι-

163 1578 251 1667 τιέδῳ
275 1574 381 1645 οὖσαν
403 1588 449 1667 τῷ
469 1585 501 1643 Α
523 1579 632 1665 κύκλῳ
656 1575 711 1642 καλ
734 1579 791 1642 διά
813 1589 880 1643 τῶν
898 1582 979 1661 ΜΡ,
998 1583 1074 1643 ΜΟ
1092 1580 1171 1642 διεκ-

163 1685 336 1769 βάλλωμεν
355 1686 522 1769 έτίτεδον,
540 1688 668 1769 ποιήσει
688 1684 723 1750 έν
742 1681 803 1769 μὲν
820 1694 866 1772 τῷ
884 1686 980 1772 κώνῳ
999 1685 1061 1768 τὴν
1080 1685 1176 1750 ΝΣΤ

112 1805 145 1852 15
164 1795 321 1877 ἔλλειψιν,
346 1792 383 1857 έν
406 1790 443 1857 δέ
465 1801 510 1876 τῷ
534 1792 700 1878 κυλίνδρῳ
725 1792 786 1875 τὴν
811 1791 923 1875 ΟΦΞ,
948 1792 1117 1878 διάμετροι
1138 1785 1171 1854 δὲ

163 1907 221 1981 τῆς
243 1896 304 1983 μὲν
327 1897 347 1980 ἡ
371 1903 451 1982 ΝΤ,
474 1907 531 1981 τῆς
554 1895 590 1963 δὲ
613 1898 634 1982 ἡ
656 1897 725 1972 ΟΞ.
763 1896 847 1980 λέγω
872 1899 927 1981 δή,
953 1898 1004 1963 ὅτι
1027 1899 1048 1983 ἡ
1071 1898 1176 1964 ΝΣΤ

164 2007 308 2080 ἔλλειψις
330 2015 370 2090 τῇ
395 2003 499 2077 ΟΦΞ
518 2003 658 2082 ἐλλείψει
682 2004 779 2088 ὁμοία
802 2004 902 2071 ἐστίν.

232 2106 301 2173 ἐπεὶ
329 2111 391 2195 γάρ
421 2112 457 2174 αλ
479 2115 566 2194 ΟΜ,
590 2114 652 2174 ΒΖ
675 2111 883 2197 παράλληλοί
903 2112 989 2176 εἰσιν
1012 2111 1172 2193 ἀλλήλαις,

165 2215 248 2281 ἀλλά
267 2213 321 2280 καὶ
340 2217 378 2281 αλ
393 2220 469 2301 ΒΚ,
491 2221 565 2300 ΘΛ,
584 2221 658 2282 ΒΗ
671 2217 876 2304 παράλληλοι
895 2217 1061 2301 ἀλλήλαις,
1083 2217 1172 2298 κοινν]

111 2335 146 2384 20
166 2320 202 2388 δὲ
225 2323 245 2406 ἡ
269 2328 333 2388 ΕΖ
356 2321 474 2409 τέμνει,
498 2326 588 2388 ἔστιν
611 2325 685 2410 άρα,
709 2323 753 2399 ὡς
775 2322 796 2406 ἡ
817 2319 895 2388 ΟΜ
911 2325 994 2410 πρὸς
1016 2324 1077 2407 τὴν
1094 2327 1172 2404 ΜΕ,

165 2430 337 2497 τουτέστιν
361 2430 405 2508 ὡς
428 2430 448 2514 ι]
473 2429 538 2504 ΟΞ
557 2432 640 2515 πρὸς
662 2431 722 2514 τὴν
744 2434 820 2515 ΘΒ,
843 2430 949 2506 οὕτως
971 2429 991 2512 ἡ
1011 2434 1074 2494 ΒΖ
1096 2430 1172 2515 πρὸς

165 2540 226 2622 τὴν
256 2541 338 2602 ΖΗ·
371 2536 426 2602 καὶ
453 2538 497 2613 ὡς
525 2539 589 2624 άρα
616 2537 653 2602 τὸ
682 2535 745 2601 άπὸ
774 2545 831 2619 τῆς
860 2535 924 2610 ΟΞ
947 2538 1031 2621 πρὸς
1054 2539 1090 2602 τὸ
1112 2535 1171 2600 άαὸ

166 2653 224 2726 τῆς
244 2648 312 2726 ΘΒ,
332 2643 437 2719 ούτως
455 2644 492 2707 τὸ
512 2643 575 2708 άπὸ
594 2651 652 2726 τῆς
670 2647 733 2707 ΒΖ
751 2643 834 2729 πρὸς
853 2643 889 2707 τὸ
909 2642 972 2708 άπὸ
993 2648 1067 2727 ΖΗ,
1085 2665 1170 2708 τουτ-

168 2747 236 2813 έστι
258 2750 342 2834 πρὸς
364 2749 401 2813 τὸ
425 2748 490 2813 ὑπὸ
511 2759 578 2814 τῶν
602 2752 678 2834 ΓΖ,
698 2754 772 2814 ΖΛ.
819 2747 891 2813 ἀλλ’
913 2749 957 2825 ὡς
975 2746 1036 2834 μὲν
1058 2751 1095 2815 τὸ
1113 2748 1170 2813 άπὸ

114 2868 149 2917 νε
168 2863 226 2937 τῆς
246 2853 310 2928 ΟΞ
331 2853 509 2940 διαμέτρου
527 2856 610 2936 πρὸς
627 2857 665 2921 τὸ
685 2855 748 2920 άτὸ
766 2863 824 2938 τῆς
844 2859 916 2939 ΘΕ,
935 2855 1042 2933 ούτως
1060 2858 1097 2922 τὸ
1115 2855 1171 2920 ἀπὸ

167 2969 225 3046 τῆς
259 2959 322 3034 ΟΞ
352 2959 530 3048 διαμέτρου
560 2962 642 3048 πρὸς
674 2963 711 3026 τὸ
744 2961 807 3026 άτὸ
834 2970 892 3044 τῆς
919 2965 1083 3044 συζυγοῦς
1109 2963 1171 3026 δια-

167 3067 300 3154 μέτρου,
323 3066 404 3153 φέρε
426 3077 484 3151 τῆς
509 3072 598 3150 ΦΨ,
622 3068 666 3143 ὡς
689 3064 726 3131 δέ
746 3068 783 3132 τὸ
803 3067 866 3132 ἀπὸ
885 3077 943 3152 τῆς
961 3072 1025 3133 ΒΖ
1043 3071 1125 3154 πρὸς
1140 3067 1172 3131 τὸ

168 3175 233 3240 ὑπὸ
256 3184 324 3239 τῶν
348 3177 423 3257 ΓΖ,
447 3177 527 3258 ΖΔ,
551 3174 655 3250 οὕτως
678 3175 715 3238 τὸ
739 3173 802 3238 άπὸ
826 3181 883 3256 τῆς
905 3177 980 3238 ΝΤ
1003 3175 1173 3260 διαμέτρου

242 3373 266 3421 1.
286 3367 358 3437 ΒΗ]
384 3370 438 3419 ΗΒ
459 3383 485 3434 p.
559 3371 584 3419 2.
604 3367 674 3436 ΒΗ]
700 3370 754 3419 ΗΒ
773 3384 799 3435 p.
878 3369 902 3420 9.
921 3363 1027 3439 βάσεις]
1046 3386 1078 3438 p,
1102 3365 1173 3438 βάσις

170 3438 224 3492 Vc.
308 3443 349 3491 13.
368 3441 407 3508 τῷ
425 3441 447 3489 Α
465 3436 569 3508 κύκλῳ]
587 3445 645 3497 τοῖς
663 3437 776 3498 κύκλοις
794 3454 820 3505 p.
903 3436 1120 3509 διεκβάλλωμεν]
1137 3439 1172 3491 δι-

171 3506 331 3578 εκβάλωμεν
349 3525 376 3575 p.
460 3514 501 3560 14.
522 3507 629 3576 ΝΣΤ]
648 3512 724 3575 Hp.
812 3513 854 3560 15.
875 3505 1010 3579 ἔλλειψιν]
1030 3508 1134 3579 ἔλειψιν
1150 3525 1171 3576 p.
