<?xml version="1.0" encoding="UTF-8"?>
<!DOCTYPE html PUBLIC "-//W3C//DTD XHTML 1.0 Transitional//EN"
    "http://www.w3.org/TR/xhtml1/DTD/xhtml1-transitional.dtd">
<html xmlns="http://www.w3.org/1999/xhtml" xml:lang="en" lang="en">
 <head>
  <title>
</title>
<meta http-equiv="Content-Type" content="text/html;charset=utf-8" />
  <meta name='ocr-system' content='tesseract 3.04.00' />
  <meta name='ocr-capabilities' content='ocr_page ocr_carea ocr_par ocr_line ocrx_word'/>
</head>
<body>
  <div class='ocr_page' id='page_1' title='image "./sereniantinoens00heibgoog_0189.png"; bbox 0 0 2504 3928; ppageno 0'>
   <div class='ocr_carea' id='block_1_1' title="bbox 196 213 891 276">
    <p class='ocr_par' dir='ltr' id='par_1_1' title="bbox 196 213 891 276">
     <span class='ocr_line' id='line_1_1' title="bbox 196 213 891 276; baseline 0.003 -10"><span class='ocrx_word' id='word_1_1' title='bbox 196 213 259 276; x_wconf 90' lang='grc'><strong><em>164</em></strong></span> <span class='ocrx_word' id='word_1_2' title='bbox 502 216 591 267; x_wconf 85' lang='grc' dir='ltr'>ΠΕΡΙ</span> <span class='ocrx_word' id='word_1_3' title='bbox 607 215 737 268; x_wconf 65' lang='lat' dir='ltr'><strong><em>mor</em></strong></span> <span class='ocrx_word' id='word_1_4' title='bbox 755 217 891 268; x_wconf 87' lang='grc' dir='ltr'><strong>ΤΟΜΗΣ.</strong></span> 
     </span>
    </p>
   </div>
   <div class='ocr_carea' id='block_1_2' title="bbox 144 355 1199 3430">
    <p class='ocr_par' dir='ltr' id='par_1_2' title="bbox 144 355 1199 3430">
     <span class='ocr_line' id='line_1_2' title="bbox 193 355 1194 446; baseline -0.005 -23"><span class='ocrx_word' id='word_1_5' title='bbox 193 362 294 442; x_wconf 90' lang='grc' dir='ltr'><strong><em>λόγον</em></strong></span> <span class='ocrx_word' id='word_1_6' title='bbox 322 360 407 441; x_wconf 80' lang='grc' dir='ltr'><strong><em>ἔχειν</em></strong></span> <span class='ocrx_word' id='word_1_7' title='bbox 434 359 517 444; x_wconf 77' lang='grc' dir='ltr'><strong><em>ἥκερ</em></strong></span> <span class='ocrx_word' id='word_1_8' title='bbox 544 360 606 442; x_wconf 77' lang='grc' dir='ltr'><strong><em>τὴν</em></strong></span> <span class='ocrx_word' id='word_1_9' title='bbox 633 363 700 423; x_wconf 90' lang='lat' dir='ltr'><strong><em>BA</em></strong></span> <span class='ocrx_word' id='word_1_10' title='bbox 726 360 809 446; x_wconf 78' lang='grc' dir='ltr'><strong><em>πρὸς</em></strong></span> <span class='ocrx_word' id='word_1_11' title='bbox 834 362 908 424; x_wconf 93' lang='lat' dir='ltr'><em>AF.</em></span> <span class='ocrx_word' id='word_1_12' title='bbox 956 356 1054 442; x_wconf 83' lang='grc' dir='ltr'><strong><em>λέγω,</em></strong></span> <span class='ocrx_word' id='word_1_13' title='bbox 1087 355 1138 422; x_wconf 83' lang='grc' dir='ltr'><strong><em>ὅτι</em></strong></span> <span class='ocrx_word' id='word_1_14' title='bbox 1164 355 1194 418; x_wconf 89' lang='grc' dir='ltr'><strong><em>τὸ</em></strong></span> 
     </span>
     <span class='ocr_line' id='line_1_3' title="bbox 193 465 1057 551; baseline 0.001 -22"><span class='ocrx_word' id='word_1_15' title='bbox 193 470 295 530; x_wconf 90' lang='lat' dir='ltr'><em>AEZ</em></span> <span class='ocrx_word' id='word_1_16' title='bbox 317 468 481 551; x_wconf 84' lang='grc' dir='ltr'><strong><em>τρίγωνον</em></strong></span> <span class='ocrx_word' id='word_1_17' title='bbox 505 467 640 530; x_wconf 82' lang='grc' dir='ltr'><strong><em>ἔλαττόν</em></strong></span> <span class='ocrx_word' id='word_1_18' title='bbox 664 465 731 531; x_wconf 80' lang='grc' dir='ltr'><strong><em>ἐστι</em></strong></span> <span class='ocrx_word' id='word_1_19' title='bbox 755 475 814 531; x_wconf 88' lang='grc' dir='ltr'><strong><em>τοῦ</em></strong></span> <span class='ocrx_word' id='word_1_20' title='bbox 838 468 945 530; x_wconf 87' lang='grc' dir='ltr'><em>ΑΒΓ.</em></span> <span class='ocrx_word' id='word_1_21' title='bbox 1054 469 1057 474; x_wconf 78' lang='grc'><strong>’</strong></span> 
     </span>
     <span class='ocr_line' id='line_1_4' title="bbox 260 569 1196 658; baseline -0.004 -22"><span class='ocrx_word' id='word_1_22' title='bbox 260 569 328 637; x_wconf 80' lang='grc' dir='ltr'><strong><em>ἐπεὶ</em></strong></span> <span class='ocrx_word' id='word_1_23' title='bbox 362 573 424 658; x_wconf 76' lang='grc' dir='ltr'><strong><em>γὰρ</em></strong></span> <span class='ocrx_word' id='word_1_24' title='bbox 457 573 495 636; x_wconf 78' lang='grc' dir='ltr'><strong><em>αλ</em></strong></span> <span class='ocrx_word' id='word_1_25' title='bbox 524 574 597 655; x_wconf 90' lang='grc' dir='ltr'><strong><em>ΒΓ,</em></strong></span> <span class='ocrx_word' id='word_1_26' title='bbox 619 577 684 636; x_wconf 93' lang='lat' dir='ltr'><strong><em>EZ</em></strong></span> <span class='ocrx_word' id='word_1_27' title='bbox 721 579 789 637; x_wconf 85' lang='grc' dir='ltr'><strong><em>λσαι</em></strong></span> <span class='ocrx_word' id='word_1_28' title='bbox 821 570 859 637; x_wconf 92' lang='grc' dir='ltr'><strong><em>τέ</em></strong></span> <span class='ocrx_word' id='word_1_29' title='bbox 887 575 951 637; x_wconf 84' lang='grc' dir='ltr'><strong><em>εἰσι</em></strong></span> <span class='ocrx_word' id='word_1_30' title='bbox 982 569 1038 636; x_wconf 84' lang='grc' dir='ltr'><strong><em>καὶ</em></strong></span> <span class='ocrx_word' id='word_1_31' title='bbox 1070 572 1119 646; x_wconf 76' lang='grc' dir='ltr'><strong><em>εἰς</em></strong></span> <span class='ocrx_word' id='word_1_32' title='bbox 1150 575 1196 632; x_wconf 76' lang='grc' dir='ltr'><strong><em>ἶσα</em></strong></span> 
     </span>
     <span class='ocr_line' id='line_1_5' title="bbox 194 672 1195 766; baseline -0.005 -23"><span class='ocrx_word' id='word_1_33' title='bbox 194 677 378 766; x_wconf 72' lang='grc' dir='ltr'><strong><em>διῄρηνται,</em></strong></span> <span class='ocrx_word' id='word_1_34' title='bbox 402 681 470 744; x_wconf 88' lang='grc' dir='ltr'><strong><em>έστι</em></strong></span> <span class='ocrx_word' id='word_1_35' title='bbox 493 675 530 743; x_wconf 73' lang='grc' dir='ltr'><strong><em>δὲ</em></strong></span> <span class='ocrx_word' id='word_1_36' title='bbox 552 676 607 742; x_wconf 82' lang='grc' dir='ltr'><strong><em>καὶ</em></strong></span> <span class='ocrx_word' id='word_1_37' title='bbox 630 677 746 761; x_wconf 78' lang='grc' dir='ltr'><strong><em>ἡΑΗ</em></strong></span> <span class='ocrx_word' id='word_1_38' title='bbox 764 688 803 764; x_wconf 75' lang='grc' dir='ltr'><strong><em>τῇ</em></strong></span> <span class='ocrx_word' id='word_1_39' title='bbox 824 684 858 743; x_wconf 95' lang='lat' dir='ltr'><em>A</em></span> <span class='ocrx_word' id='word_1_40' title='bbox 865 683 894 744; x_wconf 81' lang='grc' dir='ltr'>Θ</span> <span class='ocrx_word' id='word_1_41' title='bbox 917 684 982 762; x_wconf 74' lang='grc' dir='ltr'><strong><em>ἴση,</em></strong></span> <span class='ocrx_word' id='word_1_42' title='bbox 1004 675 1059 743; x_wconf 74' lang='grc' dir='ltr'><strong><em>καὶ</em></strong></span> <span class='ocrx_word' id='word_1_43' title='bbox 1083 672 1195 741; x_wconf 75' lang='grc' dir='ltr'><strong><em>τέτατ’</em></strong></span> 
     </span>
     <span class='ocr_line' id='line_1_6' title="bbox 159 782 1197 871; baseline 0 -27"><span class='ocrx_word' id='word_1_44' title='bbox 159 796 174 844; x_wconf 85' lang='grc'>5</span> <span class='ocrx_word' id='word_1_45' title='bbox 194 786 304 850; x_wconf 83' lang='grc' dir='ltr'><strong><em>αὐτῶν</em></strong></span> <span class='ocrx_word' id='word_1_46' title='bbox 328 787 391 871; x_wconf 79' lang='grc' dir='ltr'><strong><em>ἄρα</em></strong></span> <span class='ocrx_word' id='word_1_47' title='bbox 415 789 470 849; x_wconf 81' lang='grc' dir='ltr'><strong><em>λσα</em></strong></span> <span class='ocrx_word' id='word_1_48' title='bbox 494 782 575 849; x_wconf 84' lang='grc' dir='ltr'><strong><em>ἐστί·</em></strong></span> <span class='ocrx_word' id='word_1_49' title='bbox 608 784 648 848; x_wconf 84' lang='grc' dir='ltr'><strong><em>τὰ</em></strong></span> <span class='ocrx_word' id='word_1_50' title='bbox 670 787 735 871; x_wconf 77' lang='grc' dir='ltr'><strong><em>ἄρα</em></strong></span> <span class='ocrx_word' id='word_1_51' title='bbox 758 784 822 850; x_wconf 82' lang='grc' dir='ltr'><strong><em>ἀπὸ</em></strong></span> <span class='ocrx_word' id='word_1_52' title='bbox 845 789 928 868; x_wconf 89' lang='grc' dir='ltr'><strong><em>ΒΗ,</em></strong></span> <span class='ocrx_word' id='word_1_53' title='bbox 948 788 1022 850; x_wconf 90' lang='grc' dir='ltr'><strong><em>ΗΓ</em></strong></span> <span class='ocrx_word' id='word_1_54' title='bbox 1041 785 1123 870; x_wconf 81' lang='grc' dir='ltr'><strong><em>μετὰ</em></strong></span> <span class='ocrx_word' id='word_1_55' title='bbox 1145 789 1197 846; x_wconf 86' lang='grc' dir='ltr'><strong><em>τοῦ</em></strong></span> 
     </span>
     <span class='ocr_line' id='line_1_7' title="bbox 194 888 1198 977; baseline -0.004 -22"><span class='ocrx_word' id='word_1_56' title='bbox 194 890 246 968; x_wconf 78' lang='grc' dir='ltr'><strong><em>δὶς</em></strong></span> <span class='ocrx_word' id='word_1_57' title='bbox 274 891 336 956; x_wconf 87' lang='grc' dir='ltr'><strong><em>ιἰκὸ</em></strong></span> <span class='ocrx_word' id='word_1_58' title='bbox 365 894 441 955; x_wconf 91' lang='lat' dir='ltr'><em>AH</em></span> <span class='ocrx_word' id='word_1_59' title='bbox 469 902 538 968; x_wconf 84' lang='grc' dir='ltr'><strong><em>τοῖς</em></strong></span> <span class='ocrx_word' id='word_1_60' title='bbox 566 890 629 956; x_wconf 82' lang='grc' dir='ltr'><strong><em>ἀπὸ</em></strong></span> <span class='ocrx_word' id='word_1_61' title='bbox 657 896 732 976; x_wconf 78' lang='grc' dir='ltr'><strong><em>ΕΘ,</em></strong></span> <span class='ocrx_word' id='word_1_62' title='bbox 758 896 821 956; x_wconf 78' lang='grc' dir='ltr'><strong><em>ΘΖ</em></strong></span> <span class='ocrx_word' id='word_1_63' title='bbox 852 892 932 977; x_wconf 81' lang='grc' dir='ltr'><strong><em>μετὰ</em></strong></span> <span class='ocrx_word' id='word_1_64' title='bbox 963 901 1023 956; x_wconf 88' lang='grc' dir='ltr'><strong><em>τοῦ</em></strong></span> <span class='ocrx_word' id='word_1_65' title='bbox 1056 889 1111 967; x_wconf 79' lang='grc' dir='ltr'><strong><em>δὶς</em></strong></span> <span class='ocrx_word' id='word_1_66' title='bbox 1141 888 1198 953; x_wconf 81' lang='grc' dir='ltr'><strong><em>ἀπὸ</em></strong></span> 
     </span>
     <span class='ocr_line' id='line_1_8' title="bbox 196 995 1198 1082; baseline -0.006 -20"><span class='ocrx_word' id='word_1_67' title='bbox 196 1002 257 1062; x_wconf 81' lang='grc' dir='ltr'><strong><em>ΘΛ</em></strong></span> <span class='ocrx_word' id='word_1_68' title='bbox 281 1003 336 1062; x_wconf 80' lang='grc' dir='ltr'><strong><em>λσα</em></strong></span> <span class='ocrx_word' id='word_1_69' title='bbox 359 995 456 1062; x_wconf 78' lang='grc' dir='ltr'><strong><em>ἐστίν.</em></strong></span> <span class='ocrx_word' id='word_1_70' title='bbox 494 997 577 1062; x_wconf 78' lang='grc' dir='ltr'><strong><em>ἀλλὰ</em></strong></span> <span class='ocrx_word' id='word_1_71' title='bbox 599 1009 669 1074; x_wconf 83' lang='grc' dir='ltr'><strong><em>τοῖς</em></strong></span> <span class='ocrx_word' id='word_1_72' title='bbox 690 997 751 1082; x_wconf 74' lang='grc' dir='ltr'><strong><em>μὲν</em></strong></span> <span class='ocrx_word' id='word_1_73' title='bbox 774 997 838 1062; x_wconf 81' lang='grc' dir='ltr'><strong><em>ἀπὸ</em></strong></span> <span class='ocrx_word' id='word_1_74' title='bbox 856 1002 935 1082; x_wconf 88' lang='grc' dir='ltr'><strong><em>ΒΗ,</em></strong></span> <span class='ocrx_word' id='word_1_75' title='bbox 954 1001 1028 1063; x_wconf 90' lang='grc' dir='ltr'><strong><em>ΗΓ</em></strong></span> <span class='ocrx_word' id='word_1_76' title='bbox 1046 997 1128 1082; x_wconf 79' lang='grc' dir='ltr'><strong><em>μετὰ</em></strong></span> <span class='ocrx_word' id='word_1_77' title='bbox 1145 1003 1198 1058; x_wconf 84' lang='grc' dir='ltr'><strong><em>τοῦ</em></strong></span> 
     </span>
     <span class='ocr_line' id='line_1_9' title="bbox 194 1101 1198 1189; baseline -0.003 -22"><span class='ocrx_word' id='word_1_78' title='bbox 194 1101 246 1180; x_wconf 78' lang='grc' dir='ltr'><strong><em>δὶς</em></strong></span> <span class='ocrx_word' id='word_1_79' title='bbox 274 1103 337 1168; x_wconf 81' lang='grc' dir='ltr'><strong><em>ἀπὸ</em></strong></span> <span class='ocrx_word' id='word_1_80' title='bbox 361 1107 438 1168; x_wconf 90' lang='grc' dir='ltr'><strong><em>ΑΗ</em></strong></span> <span class='ocrx_word' id='word_1_81' title='bbox 461 1109 516 1168; x_wconf 83' lang='grc' dir='ltr'><strong><em>λσα</em></strong></span> <span class='ocrx_word' id='word_1_82' title='bbox 545 1101 613 1169; x_wconf 75' lang='grc' dir='ltr'><strong><em>ἐστὶ</em></strong></span> <span class='ocrx_word' id='word_1_83' title='bbox 640 1104 681 1168; x_wconf 80' lang='grc' dir='ltr'><strong><em>τὰ</em></strong></span> <span class='ocrx_word' id='word_1_84' title='bbox 708 1103 772 1169; x_wconf 80' lang='grc' dir='ltr'><strong><em>ἀπὸ</em></strong></span> <span class='ocrx_word' id='word_1_85' title='bbox 800 1109 881 1189; x_wconf 92' lang='grc' dir='ltr'><strong><em>ΒΑ,</em></strong></span> <span class='ocrx_word' id='word_1_86' title='bbox 900 1107 981 1169; x_wconf 91' lang='lat' dir='ltr'><strong><em>AF·</em></strong></span> <span class='ocrx_word' id='word_1_87' title='bbox 1014 1113 1115 1170; x_wconf 88' lang='grc' dir='ltr'><strong><em>τοῦτο</em></strong></span> <span class='ocrx_word' id='word_1_88' title='bbox 1142 1102 1198 1184; x_wconf 81' lang='grc' dir='ltr'><strong><em>γὰρ</em></strong></span> 
     </span>
     <span class='ocr_line' id='line_1_10' title="bbox 195 1206 1199 1296; baseline -0.003 -22"><span class='ocrx_word' id='word_1_89' title='bbox 195 1209 342 1293; x_wconf 69' lang='grc' dir='ltr'><strong><em>ἐδείχθη·</em></strong></span> <span class='ocrx_word' id='word_1_90' title='bbox 371 1221 439 1286; x_wconf 83' lang='grc' dir='ltr'><strong><em>τοῖς</em></strong></span> <span class='ocrx_word' id='word_1_91' title='bbox 462 1206 500 1274; x_wconf 73' lang='grc' dir='ltr'><strong><em>δὲ</em></strong></span> <span class='ocrx_word' id='word_1_92' title='bbox 523 1209 586 1276; x_wconf 82' lang='grc' dir='ltr'><strong><em>ἀπὸ</em></strong></span> <span class='ocrx_word' id='word_1_93' title='bbox 609 1214 685 1294; x_wconf 82' lang='grc' dir='ltr'><strong><em>ΕΘ,</em></strong></span> <span class='ocrx_word' id='word_1_94' title='bbox 706 1215 768 1275; x_wconf 80' lang='grc' dir='ltr'><strong><em>ΘΖ</em></strong></span> <span class='ocrx_word' id='word_1_95' title='bbox 791 1212 871 1296; x_wconf 82' lang='grc' dir='ltr'><strong><em>μετὰ</em></strong></span> <span class='ocrx_word' id='word_1_96' title='bbox 893 1220 953 1275; x_wconf 88' lang='grc' dir='ltr'><strong><em>τοῦ</em></strong></span> <span class='ocrx_word' id='word_1_97' title='bbox 977 1208 1030 1287; x_wconf 78' lang='grc' dir='ltr'><strong><em>δὶς</em></strong></span> <span class='ocrx_word' id='word_1_98' title='bbox 1053 1211 1118 1275; x_wconf 78' lang='grc' dir='ltr'><strong><em>ἀπὸ</em></strong></span> <span class='ocrx_word' id='word_1_99' title='bbox 1143 1211 1199 1272; x_wconf 81' lang='lat' dir='ltr'><em>BA</em></span> 
     </span>
     <span class='ocr_line' id='line_1_11' title="bbox 144 1313 1198 1403; baseline 0 -27"><span class='ocrx_word' id='word_1_100' title='bbox 144 1328 177 1376; x_wconf 92' lang='lat'><strong><em>10</em></strong></span> <span class='ocrx_word' id='word_1_101' title='bbox 197 1323 251 1381; x_wconf 80' lang='grc' dir='ltr'><strong><em>λ’σα</em></strong></span> <span class='ocrx_word' id='word_1_102' title='bbox 275 1313 342 1380; x_wconf 82' lang='grc' dir='ltr'><strong><em>ἐστὶ</em></strong></span> <span class='ocrx_word' id='word_1_103' title='bbox 365 1317 405 1379; x_wconf 79' lang='grc' dir='ltr'><strong><em>τὰ</em></strong></span> <span class='ocrx_word' id='word_1_104' title='bbox 428 1315 491 1380; x_wconf 83' lang='grc' dir='ltr'><strong><em>ἀπὸ</em></strong></span> <span class='ocrx_word' id='word_1_105' title='bbox 515 1321 592 1400; x_wconf 96' lang='lat' dir='ltr'><strong><em>EA,</em></strong></span> <span class='ocrx_word' id='word_1_106' title='bbox 610 1322 690 1381; x_wconf 91' lang='lat' dir='ltr'><strong><em>AZ·</em></strong></span> <span class='ocrx_word' id='word_1_107' title='bbox 722 1315 778 1382; x_wconf 79' lang='grc' dir='ltr'><strong><em>καὶ</em></strong></span> <span class='ocrx_word' id='word_1_108' title='bbox 801 1319 1056 1403; x_wconf 88' lang='grc' dir='ltr'><strong><em>συναμφότερον</em></strong></span> <span class='ocrx_word' id='word_1_109' title='bbox 1081 1314 1198 1402; x_wconf 78' lang='grc' dir='ltr'><strong><em>ἄρατὸ</em></strong></span> 
     </span>
     <span class='ocr_line' id='line_1_12' title="bbox 196 1421 1198 1512; baseline -0.005 -26"><span class='ocrx_word' id='word_1_110' title='bbox 196 1422 259 1487; x_wconf 81' lang='grc' dir='ltr'><strong><em>ἀπὸ</em></strong></span> <span class='ocrx_word' id='word_1_111' title='bbox 278 1426 350 1505; x_wconf 92' lang='lat' dir='ltr'><strong><em>BA,</em></strong></span> <span class='ocrx_word' id='word_1_112' title='bbox 364 1426 435 1487; x_wconf 91' lang='lat' dir='ltr'><em>AF</em></span> <span class='ocrx_word' id='word_1_113' title='bbox 453 1422 691 1512; x_wconf 81' lang='grc' dir='ltr'><strong><em>συναμφοτέρῳ</em></strong></span> <span class='ocrx_word' id='word_1_114' title='bbox 710 1434 755 1512; x_wconf 78' lang='grc' dir='ltr'><strong><em>τῷ</em></strong></span> <span class='ocrx_word' id='word_1_115' title='bbox 775 1424 838 1490; x_wconf 77' lang='grc' dir='ltr'><strong><em>ἀπὸ</em></strong></span> <span class='ocrx_word' id='word_1_116' title='bbox 857 1429 934 1508; x_wconf 89' lang='lat' dir='ltr'><strong><em>EA,</em></strong></span> <span class='ocrx_word' id='word_1_117' title='bbox 948 1430 981 1488; x_wconf 90' lang='lat' dir='ltr'><em>A</em></span> <span class='ocrx_word' id='word_1_118' title='bbox 988 1429 1014 1488; x_wconf 89' lang='lat' dir='ltr'>Z</span> <span class='ocrx_word' id='word_1_119' title='bbox 1034 1430 1110 1490; x_wconf 74' lang='grc' dir='ltr'><strong><em>λ’σον</em></strong></span> <span class='ocrx_word' id='word_1_120' title='bbox 1128 1421 1198 1486; x_wconf 83' lang='grc' dir='ltr'><strong><em>ἐστί.</em></strong></span> 
     </span>
     <span class='ocr_line' id='line_1_13' title="bbox 195 1524 1197 1616; baseline 0 -22"><span class='ocrx_word' id='word_1_121' title='bbox 195 1527 250 1594; x_wconf 82' lang='grc' dir='ltr'><strong><em>καὶ</em></strong></span> <span class='ocrx_word' id='word_1_122' title='bbox 274 1527 342 1595; x_wconf 78' lang='grc' dir='ltr'><strong><em>ἐπεὶ</em></strong></span> <span class='ocrx_word' id='word_1_123' title='bbox 365 1529 386 1614; x_wconf 77' lang='grc' dir='ltr'><em>ἡ</em></span> <span class='ocrx_word' id='word_1_124' title='bbox 409 1534 478 1594; x_wconf 90' lang='lat' dir='ltr'><em>EA</em></span> <span class='ocrx_word' id='word_1_125' title='bbox 504 1531 588 1615; x_wconf 80' lang='grc' dir='ltr'><strong><em>πρὸς</em></strong></span> <span class='ocrx_word' id='word_1_126' title='bbox 611 1537 644 1595; x_wconf 95' lang='lat' dir='ltr'><em>A</em></span> <span class='ocrx_word' id='word_1_127' title='bbox 651 1535 678 1594; x_wconf 94' lang='lat' dir='ltr'>Z</span> <span class='ocrx_word' id='word_1_128' title='bbox 704 1534 836 1616; x_wconf 83' lang='grc' dir='ltr'><strong><em>μείζονα</em></strong></span> <span class='ocrx_word' id='word_1_129' title='bbox 858 1533 959 1613; x_wconf 88' lang='grc' dir='ltr'><strong><em>λόγον</em></strong></span> <span class='ocrx_word' id='word_1_130' title='bbox 987 1533 1052 1614; x_wconf 78' lang='grc' dir='ltr'><strong><em>ἔχει</em></strong></span> <span class='ocrx_word' id='word_1_131' title='bbox 1079 1524 1197 1614; x_wconf 76' lang='grc' dir='ltr'><strong><em>ἤκερὴ</em></strong></span> 
     </span>
     <span class='ocr_line' id='line_1_14' title="bbox 197 1633 1197 1724; baseline -0.007 -22"><span class='ocrx_word' id='word_1_132' title='bbox 197 1642 263 1702; x_wconf 93' lang='grc' dir='ltr'><strong><em>ΒΑ</em></strong></span> <span class='ocrx_word' id='word_1_133' title='bbox 285 1637 368 1723; x_wconf 85' lang='grc' dir='ltr'><strong><em>πρὸς</em></strong></span> <span class='ocrx_word' id='word_1_134' title='bbox 391 1639 465 1720; x_wconf 94' lang='lat' dir='ltr'><strong><em>AF,</em></strong></span> <span class='ocrx_word' id='word_1_135' title='bbox 493 1634 548 1701; x_wconf 78' lang='grc' dir='ltr'><strong><em>καὶ</em></strong></span> <span class='ocrx_word' id='word_1_136' title='bbox 571 1638 608 1701; x_wconf 92' lang='grc' dir='ltr'><strong><em>τὸ</em></strong></span> <span class='ocrx_word' id='word_1_137' title='bbox 631 1637 695 1723; x_wconf 76' lang='grc' dir='ltr'><strong><em>ἄρα</em></strong></span> <span class='ocrx_word' id='word_1_138' title='bbox 718 1637 782 1702; x_wconf 85' lang='grc' dir='ltr'><strong><em>ἀπὸ</em></strong></span> <span class='ocrx_word' id='word_1_139' title='bbox 805 1645 863 1721; x_wconf 79' lang='grc' dir='ltr'><strong><em>τῆς</em></strong></span> <span class='ocrx_word' id='word_1_140' title='bbox 885 1642 953 1701; x_wconf 92' lang='lat' dir='ltr'><em>EA</em></span> <span class='ocrx_word' id='word_1_141' title='bbox 975 1639 1058 1724; x_wconf 84' lang='grc' dir='ltr'><strong><em>πρὸς</em></strong></span> <span class='ocrx_word' id='word_1_142' title='bbox 1080 1639 1118 1702; x_wconf 88' lang='grc' dir='ltr'><strong><em>τὸ</em></strong></span> <span class='ocrx_word' id='word_1_143' title='bbox 1140 1633 1197 1699; x_wconf 80' lang='grc' dir='ltr'><strong><em>ἀπὸ</em></strong></span> 
     </span>
     <span class='ocr_line' id='line_1_15' title="bbox 196 1739 1198 1830; baseline -0.004 -22"><span class='ocrx_word' id='word_1_144' title='bbox 196 1754 253 1828; x_wconf 79' lang='grc' dir='ltr'><strong><em>τῆς</em></strong></span> <span class='ocrx_word' id='word_1_145' title='bbox 270 1749 304 1810; x_wconf 92' lang='lat' dir='ltr'><em>A</em></span> <span class='ocrx_word' id='word_1_146' title='bbox 311 1749 338 1808; x_wconf 92' lang='lat' dir='ltr'><strong>Z</strong></span> <span class='ocrx_word' id='word_1_147' title='bbox 360 1747 492 1828; x_wconf 82' lang='grc' dir='ltr'><strong><em>μείζονα</em></strong></span> <span class='ocrx_word' id='word_1_148' title='bbox 515 1745 615 1826; x_wconf 87' lang='grc' dir='ltr'><strong><em>λόγον</em></strong></span> <span class='ocrx_word' id='word_1_149' title='bbox 638 1747 703 1828; x_wconf 80' lang='grc' dir='ltr'><strong><em>ἔχει</em></strong></span> <span class='ocrx_word' id='word_1_150' title='bbox 725 1745 807 1830; x_wconf 74' lang='grc' dir='ltr'><strong><em>ἥπερ</em></strong></span> <span class='ocrx_word' id='word_1_151' title='bbox 830 1745 867 1809; x_wconf 88' lang='grc' dir='ltr'><strong><em>τὸ</em></strong></span> <span class='ocrx_word' id='word_1_152' title='bbox 890 1743 955 1809; x_wconf 78' lang='grc' dir='ltr'><strong><em>ἀπὸ</em></strong></span> <span class='ocrx_word' id='word_1_153' title='bbox 974 1749 1042 1809; x_wconf 95' lang='lat' dir='ltr'><strong><em>BA</em></strong></span> <span class='ocrx_word' id='word_1_154' title='bbox 1062 1743 1146 1829; x_wconf 86' lang='grc' dir='ltr'><strong><em>πρὸς</em></strong></span> <span class='ocrx_word' id='word_1_155' title='bbox 1166 1739 1198 1803; x_wconf 85' lang='grc' dir='ltr'><strong><em>τὸ</em></strong></span> 
     </span>
     <span class='ocr_line' id='line_1_16' title="bbox 145 1845 1196 1935; baseline 0.001 -27"><span class='ocrx_word' id='word_1_156' title='bbox 145 1861 178 1909; x_wconf 83' lang='grc'><strong><em>15</em></strong></span> <span class='ocrx_word' id='word_1_157' title='bbox 198 1849 261 1914; x_wconf 84' lang='grc' dir='ltr'><strong><em>ἀπὸ</em></strong></span> <span class='ocrx_word' id='word_1_158' title='bbox 289 1853 362 1915; x_wconf 90' lang='grc' dir='ltr'><strong><em>ΑΓ.</em></strong></span> <span class='ocrx_word' id='word_1_159' title='bbox 417 1848 486 1916; x_wconf 79' lang='grc' dir='ltr'><strong><em>ἐπεὶ</em></strong></span> <span class='ocrx_word' id='word_1_160' title='bbox 518 1846 580 1916; x_wconf 79' lang='grc' dir='ltr'><strong><em>οὖν</em></strong></span> <span class='ocrx_word' id='word_1_161' title='bbox 612 1851 674 1916; x_wconf 72' lang='grc' dir='ltr'><strong><em>δύο</em></strong></span> <span class='ocrx_word' id='word_1_162' title='bbox 703 1857 785 1916; x_wconf 76' lang='grc' dir='ltr'><strong><em>ι”σιον</em></strong></span> <span class='ocrx_word' id='word_1_163' title='bbox 811 1858 963 1935; x_wconf 79' lang='grc' dir='ltr'><strong><em>μεγεθῶν</em></strong></span> <span class='ocrx_word' id='word_1_164' title='bbox 992 1858 1052 1915; x_wconf 85' lang='grc' dir='ltr'><strong><em>τοῦ</em></strong></span> <span class='ocrx_word' id='word_1_165' title='bbox 1078 1873 1115 1914; x_wconf 88' lang='grc' dir='ltr'><strong><em>τε</em></strong></span> <span class='ocrx_word' id='word_1_166' title='bbox 1141 1845 1196 1912; x_wconf 78' lang='grc' dir='ltr'><strong><em>ἀπὸ</em></strong></span> 
     </span>
     <span class='ocr_line' id='line_1_17' title="bbox 198 1953 1196 2042; baseline -0.004 -21"><span class='ocrx_word' id='word_1_167' title='bbox 198 1956 450 2042; x_wconf 82' lang='grc' dir='ltr'><strong><em>συναμφοτέρου</em></strong></span> <span class='ocrx_word' id='word_1_168' title='bbox 469 1966 526 2041; x_wconf 81' lang='grc' dir='ltr'><strong><em>τῆς</em></strong></span> <span class='ocrx_word' id='word_1_169' title='bbox 540 1961 615 2040; x_wconf 93' lang='lat' dir='ltr'><strong><em>BA,</em></strong></span> <span class='ocrx_word' id='word_1_170' title='bbox 629 1961 699 2022; x_wconf 90' lang='lat' dir='ltr'><em>AF</em></span> <span class='ocrx_word' id='word_1_171' title='bbox 714 1955 769 2022; x_wconf 82' lang='grc' dir='ltr'><strong><em>καὶ</em></strong></span> <span class='ocrx_word' id='word_1_172' title='bbox 787 1966 847 2023; x_wconf 85' lang='grc' dir='ltr'><strong><em>τοῦ</em></strong></span> <span class='ocrx_word' id='word_1_173' title='bbox 867 1957 930 2022; x_wconf 82' lang='grc' dir='ltr'><strong><em>ἀπὸ</em></strong></span> <span class='ocrx_word' id='word_1_174' title='bbox 951 1953 1196 2042; x_wconf 78' lang='grc' dir='ltr'><strong><em>συναμφοτέρου</em></strong></span> 
     </span>
     <span class='ocr_line' id='line_1_18' title="bbox 197 2065 1196 2150; baseline -0.002 -25"><span class='ocrx_word' id='word_1_175' title='bbox 197 2071 255 2146; x_wconf 76' lang='grc' dir='ltr'><strong><em>τῆς</em></strong></span> <span class='ocrx_word' id='word_1_176' title='bbox 275 2067 351 2146; x_wconf 94' lang='lat' dir='ltr'><strong><em>EA,</em></strong></span> <span class='ocrx_word' id='word_1_177' title='bbox 369 2068 402 2128; x_wconf 94' lang='lat' dir='ltr'><em>A</em></span> <span class='ocrx_word' id='word_1_178' title='bbox 409 2069 436 2128; x_wconf 92' lang='lat' dir='ltr'>Z</span> <span class='ocrx_word' id='word_1_179' title='bbox 459 2066 496 2129; x_wconf 87' lang='grc' dir='ltr'><strong><em>τὸ</em></strong></span> <span class='ocrx_word' id='word_1_180' title='bbox 519 2067 628 2148; x_wconf 77' lang='grc' dir='ltr'><strong><em>μεῖζον</em></strong></span> <span class='ocrx_word' id='word_1_181' title='bbox 651 2073 759 2148; x_wconf 76' lang='grc' dir='ltr'><strong><em>τμῆμα</em></strong></span> <span class='ocrx_word' id='word_1_182' title='bbox 781 2065 864 2150; x_wconf 80' lang='grc' dir='ltr'><strong><em>πρὸς</em></strong></span> <span class='ocrx_word' id='word_1_183' title='bbox 886 2065 923 2129; x_wconf 91' lang='grc' dir='ltr'><strong><em>τὸ</em></strong></span> <span class='ocrx_word' id='word_1_184' title='bbox 942 2067 1087 2146; x_wconf 81' lang='grc' dir='ltr'><strong><em>ἔλαττον,</em></strong></span> <span class='ocrx_word' id='word_1_185' title='bbox 1108 2081 1196 2127; x_wconf 87' lang='grc' dir='ltr'><strong><em>τουτ-</em></strong></span> 
     </span>
     <span class='ocr_line' id='line_1_19' title="bbox 197 2166 1195 2256; baseline -0.004 -24"><span class='ocrx_word' id='word_1_186' title='bbox 197 2166 266 2233; x_wconf 93' lang='grc' dir='ltr'><strong><em>έστι</em></strong></span> <span class='ocrx_word' id='word_1_187' title='bbox 288 2169 325 2233; x_wconf 90' lang='grc' dir='ltr'><strong><em>τὸ</em></strong></span> <span class='ocrx_word' id='word_1_188' title='bbox 349 2167 413 2234; x_wconf 77' lang='grc' dir='ltr'><strong><em>ἀπὸ</em></strong></span> <span class='ocrx_word' id='word_1_189' title='bbox 431 2174 498 2234; x_wconf 90' lang='lat' dir='ltr'><em>EA</em></span> <span class='ocrx_word' id='word_1_190' title='bbox 519 2172 602 2256; x_wconf 79' lang='grc' dir='ltr'><strong><em>πρὸς</em></strong></span> <span class='ocrx_word' id='word_1_191' title='bbox 624 2173 661 2235; x_wconf 86' lang='grc' dir='ltr'><strong><em>τὸ</em></strong></span> <span class='ocrx_word' id='word_1_192' title='bbox 685 2169 749 2236; x_wconf 81' lang='grc' dir='ltr'><strong><em>ἀπὸ</em></strong></span> <span class='ocrx_word' id='word_1_193' title='bbox 767 2176 800 2234; x_wconf 95' lang='lat' dir='ltr'><em>A</em></span> <span class='ocrx_word' id='word_1_194' title='bbox 807 2175 844 2254; x_wconf 92' lang='lat' dir='ltr'><em>Z,</em></span> <span class='ocrx_word' id='word_1_195' title='bbox 867 2174 998 2254; x_wconf 82' lang='grc' dir='ltr'><strong><em>μείζονα</em></strong></span> <span class='ocrx_word' id='word_1_196' title='bbox 1021 2173 1121 2253; x_wconf 88' lang='grc' dir='ltr'><strong><em>λόγον</em></strong></span> <span class='ocrx_word' id='word_1_197' title='bbox 1140 2169 1195 2250; x_wconf 82' lang='grc' dir='ltr'><strong><em>ἔχει</em></strong></span> 
     </span>
     <span class='ocr_line' id='line_1_20' title="bbox 196 2276 1196 2364; baseline 0.002 -23"><span class='ocrx_word' id='word_1_198' title='bbox 196 2276 280 2362; x_wconf 75' lang='grc' dir='ltr'><strong><em>ἤπερ</em></strong></span> <span class='ocrx_word' id='word_1_199' title='bbox 312 2276 348 2340; x_wconf 91' lang='grc' dir='ltr'><strong><em>τὸ</em></strong></span> <span class='ocrx_word' id='word_1_200' title='bbox 381 2284 441 2340; x_wconf 88' lang='grc' dir='ltr'><strong><em>τοῦ</em></strong></span> <span class='ocrx_word' id='word_1_201' title='bbox 474 2281 592 2341; x_wconf 83' lang='grc' dir='ltr'><strong><em>λοιποῦ</em></strong></span> <span class='ocrx_word' id='word_1_202' title='bbox 624 2287 732 2362; x_wconf 77' lang='grc' dir='ltr'><strong><em>τμῆμα</em></strong></span> <span class='ocrx_word' id='word_1_203' title='bbox 763 2279 846 2364; x_wconf 85' lang='grc' dir='ltr'><strong><em>πρὸς</em></strong></span> <span class='ocrx_word' id='word_1_204' title='bbox 877 2279 914 2342; x_wconf 86' lang='grc' dir='ltr'><strong><em>τὸ</em></strong></span> <span class='ocrx_word' id='word_1_205' title='bbox 943 2278 1061 2342; x_wconf 81' lang='grc' dir='ltr'><strong><em>λοιπὸν</em></strong></span> <span class='ocrx_word' id='word_1_206' title='bbox 1086 2284 1196 2361; x_wconf 63' lang='grc' dir='ltr'><strong><em>τμῆμα,</em></strong></span> 
     </span>
     <span class='ocr_line' id='line_1_21' title="bbox 145 2380 1195 2469; baseline -0.001 -22"><span class='ocrx_word' id='word_1_207' title='bbox 145 2393 179 2441; x_wconf 79' lang='lat'><strong><em>20</em></strong></span> <span class='ocrx_word' id='word_1_208' title='bbox 197 2381 346 2447; x_wconf 86' lang='grc' dir='ltr'><strong><em>τουτέστι</em></strong></span> <span class='ocrx_word' id='word_1_209' title='bbox 374 2383 412 2447; x_wconf 87' lang='grc' dir='ltr'><strong><em>τὸ</em></strong></span> <span class='ocrx_word' id='word_1_210' title='bbox 440 2382 503 2448; x_wconf 79' lang='grc' dir='ltr'><strong><em>ἀπὸ</em></strong></span> <span class='ocrx_word' id='word_1_211' title='bbox 527 2387 594 2448; x_wconf 93' lang='lat' dir='ltr'><em>BA</em></span> <span class='ocrx_word' id='word_1_212' title='bbox 620 2385 703 2469; x_wconf 87' lang='grc' dir='ltr'><strong><em>πρὸς</em></strong></span> <span class='ocrx_word' id='word_1_213' title='bbox 729 2385 766 2449; x_wconf 91' lang='grc' dir='ltr'><strong><em>τὸ</em></strong></span> <span class='ocrx_word' id='word_1_214' title='bbox 795 2384 858 2449; x_wconf 79' lang='grc' dir='ltr'><strong><em>ἀπὸ</em></strong></span> <span class='ocrx_word' id='word_1_215' title='bbox 882 2386 958 2467; x_wconf 90' lang='grc' dir='ltr'><strong><em>ΑΓ,</em></strong></span> <span class='ocrx_word' id='word_1_216' title='bbox 988 2385 1026 2449; x_wconf 87' lang='grc' dir='ltr'><strong><em>τὸ</em></strong></span> <span class='ocrx_word' id='word_1_217' title='bbox 1055 2380 1113 2468; x_wconf 70' lang='grc' dir='ltr'><strong><em>μὲν</em></strong></span> <span class='ocrx_word' id='word_1_218' title='bbox 1141 2384 1195 2464; x_wconf 77' lang='grc' dir='ltr'><strong><em>ἄρα</em></strong></span> 
     </span>
     <span class='ocr_line' id='line_1_22' title="bbox 198 2486 1195 2577; baseline -0.003 -24"><span class='ocrx_word' id='word_1_219' title='bbox 198 2488 262 2554; x_wconf 81' lang='grc' dir='ltr'><strong><em>ἀπὸ</em></strong></span> <span class='ocrx_word' id='word_1_220' title='bbox 285 2494 352 2553; x_wconf 90' lang='lat' dir='ltr'><em>EA</em></span> <span class='ocrx_word' id='word_1_221' title='bbox 379 2488 534 2574; x_wconf 92' lang='grc' dir='ltr'><strong><em>μέγιστον</em></strong></span> <span class='ocrx_word' id='word_1_222' title='bbox 564 2490 604 2555; x_wconf 85' lang='grc' dir='ltr'><strong><em>ὂν</em></strong></span> <span class='ocrx_word' id='word_1_223' title='bbox 626 2494 736 2576; x_wconf 77' lang='grc' dir='ltr'><strong><em>μεῖζόν</em></strong></span> <span class='ocrx_word' id='word_1_224' title='bbox 759 2490 849 2556; x_wconf 82' lang='grc' dir='ltr'><strong><em>ἐστιν</em></strong></span> <span class='ocrx_word' id='word_1_225' title='bbox 871 2488 1026 2577; x_wconf 80' lang='grc' dir='ltr'><strong><em>ἑκατέρου</em></strong></span> <span class='ocrx_word' id='word_1_226' title='bbox 1051 2502 1117 2555; x_wconf 83' lang='grc' dir='ltr'><strong><em>τῶν</em></strong></span> <span class='ocrx_word' id='word_1_227' title='bbox 1140 2486 1195 2554; x_wconf 83' lang='grc' dir='ltr'><strong><em>ἀτὸ</em></strong></span> 
     </span>
     <span class='ocr_line' id='line_1_23' title="bbox 197 2594 1195 2682; baseline -0.004 -23"><span class='ocrx_word' id='word_1_228' title='bbox 197 2599 278 2678; x_wconf 93' lang='lat' dir='ltr'><strong><em>BA,</em></strong></span> <span class='ocrx_word' id='word_1_229' title='bbox 297 2600 372 2679; x_wconf 90' lang='lat' dir='ltr'><strong><em>AF,</em></strong></span> <span class='ocrx_word' id='word_1_230' title='bbox 402 2597 440 2660; x_wconf 88' lang='grc' dir='ltr'><strong><em>τὸ</em></strong></span> <span class='ocrx_word' id='word_1_231' title='bbox 464 2594 501 2661; x_wconf 69' lang='grc' dir='ltr'><strong><em>δέ</em></strong></span> <span class='ocrx_word' id='word_1_232' title='bbox 524 2596 587 2662; x_wconf 80' lang='grc' dir='ltr'><strong><em>ἀπὸ</em></strong></span> <span class='ocrx_word' id='word_1_233' title='bbox 610 2603 643 2661; x_wconf 94' lang='lat' dir='ltr'><em>A</em></span> <span class='ocrx_word' id='word_1_234' title='bbox 650 2602 678 2661; x_wconf 93' lang='lat' dir='ltr'>Z</span> <span class='ocrx_word' id='word_1_235' title='bbox 700 2597 871 2682; x_wconf 76' lang='grc' dir='ltr'><strong><em>ἐλάχιστον</em></strong></span> <span class='ocrx_word' id='word_1_236' title='bbox 894 2596 933 2662; x_wconf 83' lang='grc' dir='ltr'><strong><em>ὃν</em></strong></span> <span class='ocrx_word' id='word_1_237' title='bbox 956 2599 1092 2662; x_wconf 82' lang='grc' dir='ltr'><strong><em>ἔλαττόν</em></strong></span> <span class='ocrx_word' id='word_1_238' title='bbox 1114 2595 1195 2662; x_wconf 85' lang='grc' dir='ltr'><strong><em>ἐστιν</em></strong></span> 
     </span>
     <span class='ocr_line' id='line_1_24' title="bbox 199 2699 1194 2790; baseline 0 -26"><span class='ocrx_word' id='word_1_239' title='bbox 199 2699 353 2787; x_wconf 82' lang='grc' dir='ltr'><strong><em>ἑκατέρου</em></strong></span> <span class='ocrx_word' id='word_1_240' title='bbox 376 2712 443 2767; x_wconf 84' lang='grc' dir='ltr'><strong><em>τῶν</em></strong></span> <span class='ocrx_word' id='word_1_241' title='bbox 466 2703 530 2768; x_wconf 83' lang='grc' dir='ltr'><strong><em>ἀπὸ</em></strong></span> <span class='ocrx_word' id='word_1_242' title='bbox 550 2708 622 2786; x_wconf 92' lang='grc' dir='ltr'><strong><em>ΒΑ,</em></strong></span> <span class='ocrx_word' id='word_1_243' title='bbox 640 2708 711 2769; x_wconf 90' lang='lat' dir='ltr'><em>AF</em></span> <span class='ocrx_word' id='word_1_244' title='bbox 729 2705 785 2769; x_wconf 78' lang='grc' dir='ltr'><strong><em>διὰ</em></strong></span> <span class='ocrx_word' id='word_1_245' title='bbox 807 2711 867 2769; x_wconf 88' lang='grc' dir='ltr'><strong><em>τοῦ</em></strong></span> <span class='ocrx_word' id='word_1_246' title='bbox 889 2705 953 2790; x_wconf 83' lang='grc' dir='ltr'><strong><em>πρὸ</em></strong></span> <span class='ocrx_word' id='word_1_247' title='bbox 976 2706 1097 2769; x_wconf 86' lang='grc' dir='ltr'><strong><em>τούτου</em></strong></span> <span class='ocrx_word' id='word_1_248' title='bbox 1119 2710 1194 2768; x_wconf 78' lang='grc' dir='ltr'><strong><em>θεω-</em></strong></span> 
     </span>
     <span class='ocr_line' id='line_1_25' title="bbox 199 2806 1198 2897; baseline 0 -26"><span class='ocrx_word' id='word_1_249' title='bbox 199 2809 353 2892; x_wconf 83' lang='grc' dir='ltr'><strong><em>ρήματος·</em></strong></span> <span class='ocrx_word' id='word_1_250' title='bbox 384 2807 440 2873; x_wconf 81' lang='grc' dir='ltr'><strong><em>καὶ</em></strong></span> <span class='ocrx_word' id='word_1_251' title='bbox 467 2808 488 2892; x_wconf 80' lang='grc' dir='ltr'><em>ἡ</em></span> <span class='ocrx_word' id='word_1_252' title='bbox 511 2806 571 2894; x_wconf 78' lang='grc' dir='ltr'><strong><em>μὲν</em></strong></span> <span class='ocrx_word' id='word_1_253' title='bbox 593 2815 662 2874; x_wconf 94' lang='lat' dir='ltr'><em>EA</em></span> <span class='ocrx_word' id='word_1_254' title='bbox 689 2813 753 2892; x_wconf 77' lang='grc' dir='ltr'><strong><em>ἄρα</em></strong></span> <span class='ocrx_word' id='word_1_255' title='bbox 776 2808 929 2897; x_wconf 78' lang='grc' dir='ltr'><strong><em>ἑκατέρας</em></strong></span> <span class='ocrx_word' id='word_1_256' title='bbox 955 2821 1023 2876; x_wconf 82' lang='grc' dir='ltr'><strong><em>τῶν</em></strong></span> <span class='ocrx_word' id='word_1_257' title='bbox 1045 2814 1121 2894; x_wconf 91' lang='lat' dir='ltr'><em>BA,</em></span> <span class='ocrx_word' id='word_1_258' title='bbox 1140 2806 1198 2873; x_wconf 86' lang='lat' dir='ltr'><em>AF</em></span> 
     </span>
     <span class='ocr_line' id='line_1_26' title="bbox 146 2913 1194 3002; baseline 0.004 -26"><span class='ocrx_word' id='word_1_259' title='bbox 146 2923 180 2972; x_wconf 79' lang='lat'><strong><em>25</em></strong></span> <span class='ocrx_word' id='word_1_260' title='bbox 199 2916 316 2997; x_wconf 80' lang='grc' dir='ltr'><strong><em>μείζων</em></strong></span> <span class='ocrx_word' id='word_1_261' title='bbox 335 2913 435 2998; x_wconf 80' lang='grc' dir='ltr'><strong><em>ἐστίν,</em></strong></span> <span class='ocrx_word' id='word_1_262' title='bbox 454 2916 474 3000; x_wconf 81' lang='grc' dir='ltr'><em>ἡ</em></span> <span class='ocrx_word' id='word_1_263' title='bbox 494 2913 530 2980; x_wconf 72' lang='grc' dir='ltr'><strong><em>δὲ</em></strong></span> <span class='ocrx_word' id='word_1_264' title='bbox 543 2921 611 2980; x_wconf 92' lang='lat' dir='ltr'><em>AZ</em></span> <span class='ocrx_word' id='word_1_265' title='bbox 629 2915 781 3002; x_wconf 81' lang='grc' dir='ltr'><strong><em>ἑκατέρας</em></strong></span> <span class='ocrx_word' id='word_1_266' title='bbox 799 2927 866 2981; x_wconf 85' lang='grc' dir='ltr'><strong><em>τῶν</em></strong></span> <span class='ocrx_word' id='word_1_267' title='bbox 880 2921 952 3000; x_wconf 90' lang='grc' dir='ltr'><strong><em>ΒΑ,</em></strong></span> <span class='ocrx_word' id='word_1_268' title='bbox 967 2923 999 2980; x_wconf 95' lang='lat' dir='ltr'><em>A</em></span> <span class='ocrx_word' id='word_1_269' title='bbox 1005 2921 1037 2982; x_wconf 94' lang='lat' dir='ltr'><em>F</em></span> <span class='ocrx_word' id='word_1_270' title='bbox 1053 2917 1194 2983; x_wconf 78' lang='grc' dir='ltr'><strong><em>ἐλάττων.</em></strong></span> 
     </span>
     <span class='ocr_line' id='line_1_27' title="bbox 199 3019 1193 3112; baseline 0 -26"><span class='ocrx_word' id='word_1_271' title='bbox 199 3019 216 3086; x_wconf 87' lang='grc' dir='ltr'>ὁ</span> <span class='ocrx_word' id='word_1_272' title='bbox 241 3022 304 3107; x_wconf 80' lang='grc' dir='ltr'><strong><em>ἄρα</em></strong></span> <span class='ocrx_word' id='word_1_273' title='bbox 322 3019 446 3110; x_wconf 91' lang='grc' dir='ltr'><strong><em>κέντρῳ</em></strong></span> <span class='ocrx_word' id='word_1_274' title='bbox 466 3019 527 3107; x_wconf 72' lang='grc' dir='ltr'><strong><em>μὲν</em></strong></span> <span class='ocrx_word' id='word_1_275' title='bbox 545 3033 590 3110; x_wconf 77' lang='grc' dir='ltr'><strong><em>τῷ</em></strong></span> <span class='ocrx_word' id='word_1_276' title='bbox 604 3026 643 3107; x_wconf 95' lang='grc' dir='ltr'><strong><em>Β,</em></strong></span> <span class='ocrx_word' id='word_1_277' title='bbox 666 3024 861 3108; x_wconf 73' lang='grc' dir='ltr'><strong><em>διαστήματι</em></strong></span> <span class='ocrx_word' id='word_1_278' title='bbox 884 3019 921 3088; x_wconf 73' lang='grc' dir='ltr'><strong><em>δὲ</em></strong></span> <span class='ocrx_word' id='word_1_279' title='bbox 939 3032 984 3112; x_wconf 80' lang='grc' dir='ltr'><strong><em>τῳ</em></strong></span> <span class='ocrx_word' id='word_1_280' title='bbox 1004 3029 1064 3111; x_wconf 78' lang='grc' dir='ltr'><strong><em>ἴσῳ</em></strong></span> <span class='ocrx_word' id='word_1_281' title='bbox 1083 3035 1123 3110; x_wconf 76' lang='grc' dir='ltr'><strong><em>τῇ</em></strong></span> <span class='ocrx_word' id='word_1_282' title='bbox 1139 3023 1193 3088; x_wconf 86' lang='lat' dir='ltr'><em>EA</em></span> 
     </span>
     <span class='ocr_line' id='line_1_28' title="bbox 198 3128 1192 3217; baseline 0.001 -26"><span class='ocrx_word' id='word_1_283' title='bbox 198 3130 408 3212; x_wconf 73' lang='grc' dir='ltr'><strong><em>γραφόμενος</em></strong></span> <span class='ocrx_word' id='word_1_284' title='bbox 430 3129 551 3206; x_wconf 80' lang='grc' dir='ltr'><strong><em>κύκλος</em></strong></span> <span class='ocrx_word' id='word_1_285' title='bbox 576 3128 805 3216; x_wconf 81' lang='grc' dir='ltr'><strong><em>ὑπερπεσεῖται</em></strong></span> <span class='ocrx_word' id='word_1_286' title='bbox 828 3130 889 3213; x_wconf 79' lang='grc' dir='ltr'><strong><em>τὴν</em></strong></span> <span class='ocrx_word' id='word_1_287' title='bbox 912 3135 940 3195; x_wconf 97' lang='grc' dir='ltr'>Β</span> <span class='ocrx_word' id='word_1_288' title='bbox 947 3136 979 3194; x_wconf 92' lang='grc' dir='ltr'><em>Α</em></span> <span class='ocrx_word' id='word_1_289' title='bbox 985 3150 993 3165; x_wconf 89' lang='grc'><em>·</em></span> <span class='ocrx_word' id='word_1_290' title='bbox 1024 3131 1192 3217; x_wconf 75' lang='grc' dir='ltr'><strong><em>γεγράφθω</em></strong></span> 
     </span>
     <span class='ocr_line' id='line_1_29' title="bbox 199 3231 1191 3325; baseline 0.001 -27"><span class='ocrx_word' id='word_1_291' title='bbox 199 3233 317 3298; x_wconf 86' lang='grc' dir='ltr'><em>ὁΚΛ·</em></span> <span class='ocrx_word' id='word_1_292' title='bbox 340 3232 395 3299; x_wconf 83' lang='grc' dir='ltr'><strong><em>καὶ</em></strong></span> <span class='ocrx_word' id='word_1_293' title='bbox 418 3234 436 3300; x_wconf 86' lang='grc' dir='ltr'>ὁ</span> <span class='ocrx_word' id='word_1_294' title='bbox 460 3234 585 3322; x_wconf 77' lang='grc' dir='ltr'><strong><em>κέντρῳ</em></strong></span> <span class='ocrx_word' id='word_1_295' title='bbox 608 3231 668 3320; x_wconf 72' lang='grc' dir='ltr'><strong><em>μὲν</em></strong></span> <span class='ocrx_word' id='word_1_296' title='bbox 686 3244 731 3323; x_wconf 79' lang='grc' dir='ltr'><strong><em>τῳ</em></strong></span> <span class='ocrx_word' id='word_1_297' title='bbox 752 3238 788 3319; x_wconf 93' lang='grc' dir='ltr'><strong><em>Γ,</em></strong></span> <span class='ocrx_word' id='word_1_298' title='bbox 811 3236 1006 3320; x_wconf 73' lang='grc' dir='ltr'><strong><em>διαστήματι</em></strong></span> <span class='ocrx_word' id='word_1_299' title='bbox 1025 3232 1062 3301; x_wconf 72' lang='grc' dir='ltr'><strong><em>δὲ</em></strong></span> <span class='ocrx_word' id='word_1_300' title='bbox 1080 3246 1125 3325; x_wconf 74' lang='grc' dir='ltr'><strong><em>τῷ</em></strong></span> <span class='ocrx_word' id='word_1_301' title='bbox 1144 3243 1191 3320; x_wconf 83' lang='grc' dir='ltr'><strong><em>λσῳ</em></strong></span> 
     </span>
     <span class='ocr_line' id='line_1_30' title="bbox 199 3341 1191 3430; baseline 0.006 -30"><span class='ocrx_word' id='word_1_302' title='bbox 199 3347 238 3421; x_wconf 75' lang='grc' dir='ltr'><strong><em>τῇ</em></strong></span> <span class='ocrx_word' id='word_1_303' title='bbox 262 3345 295 3402; x_wconf 98' lang='lat' dir='ltr'><em>A</em></span> <span class='ocrx_word' id='word_1_304' title='bbox 301 3343 328 3402; x_wconf 92' lang='lat' dir='ltr'><strong>Z</strong></span> <span class='ocrx_word' id='word_1_305' title='bbox 351 3343 560 3426; x_wconf 82' lang='grc' dir='ltr'><strong><em>γραφόμενος</em></strong></span> <span class='ocrx_word' id='word_1_306' title='bbox 582 3341 702 3416; x_wconf 82' lang='grc' dir='ltr'><strong><em>κύκλος</em></strong></span> <span class='ocrx_word' id='word_1_307' title='bbox 724 3353 814 3426; x_wconf 76' lang='grc' dir='ltr'><strong><em>τεμεῖ</em></strong></span> <span class='ocrx_word' id='word_1_308' title='bbox 834 3344 895 3426; x_wconf 79' lang='grc' dir='ltr'><strong><em>την</em></strong></span> <span class='ocrx_word' id='word_1_309' title='bbox 917 3347 999 3407; x_wconf 92' lang='grc' dir='ltr'><strong><em>ΑΓ·</em></strong></span> <span class='ocrx_word' id='word_1_310' title='bbox 1026 3343 1191 3430; x_wconf 79' lang='grc' dir='ltr'><strong><em>γεγράφθω</em></strong></span> 
     </span>
    </p>
   </div>
   <div class='ocr_carea' id='block_1_3' title="bbox 201 3494 1191 3640">
    <p class='ocr_par' dir='ltr' id='par_1_3' title="bbox 201 3494 1191 3640">
     <span class='ocr_line' id='line_1_31' title="bbox 271 3494 1191 3571; baseline 0.007 -26"><span class='ocrx_word' id='word_1_311' title='bbox 271 3499 295 3545; x_wconf 84' lang='grc'><strong><em>5.</em></strong></span> <span class='ocrx_word' id='word_1_312' title='bbox 315 3494 383 3564; x_wconf 82' lang='grc' dir='ltr'>ἀπό]</span> <span class='ocrx_word' id='word_1_313' title='bbox 403 3494 459 3548; x_wconf 81' lang='grc' dir='ltr'><strong><em>ἀπὸ</em></strong></span> <span class='ocrx_word' id='word_1_314' title='bbox 478 3503 533 3548; x_wconf 81' lang='grc' dir='ltr'><strong><em>τῶν</em></strong></span> <span class='ocrx_word' id='word_1_315' title='bbox 551 3512 578 3563; x_wconf 87' lang='lat' dir='ltr'><em>p,</em></span> <span class='ocrx_word' id='word_1_316' title='bbox 597 3496 629 3548; x_wconf 78' lang='lat' dir='ltr'><strong><em>ut</em></strong></span> <span class='ocrx_word' id='word_1_317' title='bbox 647 3511 762 3565; x_wconf 80' lang='lat' dir='ltr'>semper.</span> <span class='ocrx_word' id='word_1_318' title='bbox 822 3503 844 3552; x_wconf 79' lang='grc'><strong><em>7.</em></strong></span> <span class='ocrx_word' id='word_1_319' title='bbox 866 3500 928 3571; x_wconf 84' lang='grc' dir='ltr'><strong><em>ΘΔ]</em></strong></span> <span class='ocrx_word' id='word_1_320' title='bbox 943 3501 1000 3554; x_wconf 82' lang='grc' dir='ltr'><strong><em>ΔΘ</em></strong></span> <span class='ocrx_word' id='word_1_321' title='bbox 1017 3517 1043 3567; x_wconf 89' lang='lat' dir='ltr'><strong><em>p.</em></strong></span> <span class='ocrx_word' id='word_1_322' title='bbox 1099 3505 1122 3554; x_wconf 87' lang='grc'><strong><em>9.</em></strong></span> <span class='ocrx_word' id='word_1_323' title='bbox 1142 3497 1191 3566; x_wconf 81' lang='grc' dir='ltr'><strong><em>ΘΔ]</em></strong></span> 
     </span>
     <span class='ocr_line' id='line_1_32' title="bbox 201 3563 1190 3640; baseline 0.008 -27"><span class='ocrx_word' id='word_1_324' title='bbox 201 3563 258 3614; x_wconf 84' lang='grc' dir='ltr'><strong><em>ΔΘ</em></strong></span> <span class='ocrx_word' id='word_1_325' title='bbox 275 3579 302 3629; x_wconf 85' lang='lat' dir='ltr'><strong><em>p.</em></strong></span> <span class='ocrx_word' id='word_1_326' title='bbox 377 3569 417 3616; x_wconf 91' lang='lat'><strong><em>11.</em></strong></span> <span class='ocrx_word' id='word_1_327' title='bbox 437 3563 493 3616; x_wconf 82' lang='grc' dir='ltr'><strong><em>ἀπό</em></strong></span> <span class='ocrx_word' id='word_1_328' title='bbox 508 3567 693 3635; x_wconf 79' lang='lat' dir='ltr'>(utrumque)]</span> <span class='ocrx_word' id='word_1_329' title='bbox 712 3567 768 3621; x_wconf 77' lang='grc' dir='ltr'><strong><em>ἀπὸ</em></strong></span> <span class='ocrx_word' id='word_1_330' title='bbox 787 3576 836 3636; x_wconf 80' lang='grc' dir='ltr'><strong><em>τῆς</em></strong></span> <span class='ocrx_word' id='word_1_331' title='bbox 853 3586 879 3636; x_wconf 87' lang='lat' dir='ltr'><strong><em>p.</em></strong></span> <span class='ocrx_word' id='word_1_332' title='bbox 960 3575 1000 3624; x_wconf 78' lang='lat'><strong><em>12.</em></strong></span> <span class='ocrx_word' id='word_1_333' title='bbox 1019 3571 1037 3640; x_wconf 76' lang='grc' dir='ltr'><em>ἡ</em></span> <span class='ocrx_word' id='word_1_334' title='bbox 1057 3574 1105 3623; x_wconf 88' lang='lat' dir='ltr'><em>BA</em></span> <span class='ocrx_word' id='word_1_335' title='bbox 1124 3567 1190 3637; x_wconf 78' lang='grc' dir='ltr'><strong><em>πρός]</em></strong></span> 
     </span>
    </p>
   </div>
   <div class='ocr_carea' id='block_1_4' title="bbox 0 0 1256 3928">
    <p class='ocr_par' dir='ltr' id='par_1_4' title="bbox 0 0 1256 3928">
     <span class='ocr_line' id='line_1_33' title="bbox 0 0 1256 3928; baseline 0 0"><span class='ocrx_word' id='word_1_336' title='bbox 0 0 1256 3928; x_wconf 95' lang='lat' dir='ltr'><strong><em> </em></strong></span> 
     </span>
    </p>
   </div>
  </div>
 </body>
</html>
