2488 3938
150 171 192 233 62
378 220 381 227 .
418 173 506 222 ΠΕΡΙ
523 153 738 224 ΚνΛΙΝΔΡον
756 173 892 225 pom.

149 315 213 380 ἀπὸ
245 323 302 399 τῆς
334 318 399 378 ΡΤ
426 313 582 401 δευτέρας
614 315 791 400 διαμετρου
823 324 882 398 τῆς
914 316 1017 400 αὐτῆς
1057 325 1171 400 τομῆς,

149 421 297 505 οὕτοςῆ
323 426 395 487 ΘΗ
413 425 535 504 πλαγία
557 429 616 485 τοῦ
640 422 751 498 εἴδους
772 423 899 508 πλευρὰ
916 425 1000 509 πρὸς
1020 424 1089 507 τῆν
1111 425 1176 486 ΘΧ

149 527 280 615 ὀρθίαν.

216 652 286 719 ἐπεὶ
313 649 375 720 οὖν
403 653 423 736 ῆ
450 649 511 737 μὲν
541 657 609 718 ΘΚ
629 661 668 738 τῆ
692 658 724 717 Α
732 657 759 717 Ζ
780 654 990 740 παράλληλός
1014 651 1170 736 έστιν,ἡ

115 757 187 828 ὅδὲ
212 765 276 826 ΘΟ
299 772 338 847 τῆ
362 765 438 844 ΑΕ,
462 760 507 836 ὡς
529 761 593 846 ἄρα
615 761 652 824 τὸ
677 759 739 824 ἀπὸ
763 769 820 844 τῆς
843 765 911 825 ΑΕ
931 761 1016 846 πρὸς
1042 762 1084 825 τὸ
1109 758 1171 824 ἀπὸ
1235 746 1237 781 ³

148 876 206 952 τῆς
224 872 297 950 ΕΖ,
321 867 426 943 οὕτως
448 868 485 931 τὸ
510 866 573 931 ἀπὸ
596 875 654 950 τῆς
679 870 742 931 ΘΟ
764 867 848 953 πρὸς
869 868 906 931 τὸ
926 866 990 932 ἀπὸ
1011 877 1077 951 τῆς
1097 869 1170 931 ΚΟ.
1237 862 1238 881 ἶ

19 1032 31 1040 .
148 972 221 1063 ἀλλ’
251 974 296 1050 ὡς
322 971 383 1058 μὲν
410 974 447 1037 τὸ
475 973 538 1038 ἀπὸ
566 981 624 1057 τῆς
651 978 719 1037 ΑΕ
744 975 826 1058 πρὸς
848 975 885 1037 τὸ
908 973 973 1038 ὑπὸ
997 985 1073 1039 τῶν
1098 976 1170 1054 ΒΕ,
1235 954 1239 1029 ἰ

148 1083 225 1164 ΕΓ,
250 1081 356 1156 οὕτως
377 1082 414 1144 τὸ
438 1080 501 1144 ἀπὸ
525 1089 582 1164 τῆς
602 1083 674 1144 ΘΗ
693 1078 870 1165 διαμέτρου
894 1089 952 1164 τῆς
972 1090 1035 1145 τοῦ
1056 1082 1170 1145 κώνου
1237 1060 1240 1105 λ

148 1196 249 1271 τομῆς
276 1187 358 1272 πρὸς
386 1188 422 1251 τὸ
451 1185 514 1251 ἀπὸ
542 1195 599 1270 τῆς
627 1189 693 1250 ΡΤ
716 1184 872 1273 δευτέρας
899 1186 1085 1273 διαμέτρου
1114 1193 1170 1267 τῆς
1238 1176 1241 1256 ἶ

98 1312 131 1359 10
151 1294 252 1377 αὐτῆς
275 1303 385 1377 τομῆς,
408 1293 452 1370 ὡς
475 1290 511 1357 δὲ
535 1295 571 1357 τὸ
596 1292 659 1358 ἀπὸ
683 1302 740 1376 τῆς
765 1297 828 1357 ΘΟ
850 1293 933 1379 πρὸς
955 1294 992 1358 τὸ
1017 1293 1089 1358 ἀπὸ
1114 1300 1169 1373 τῆς
1239 1379 1240 1386 ¹

150 1403 230 1483 ΟΚ,
261 1400 366 1477 οὕτως
392 1401 429 1464 τὸ
458 1399 521 1465 ἀπὸ
549 1409 607 1484 τῆς
636 1403 709 1464 ΘΗ
731 1400 813 1485 πρὸς
840 1401 877 1463 τὸ
905 1398 968 1465 ἀπὸ
997 1409 1059 1484 τῆς
1090 1400 1167 1479 ΚΛ,
1239 1397 1240 1402 ’

149 1505 319 1572 τουτέστιν
346 1507 451 1583 οὕτως
477 1508 513 1571 τὸ
543 1505 605 1571 ἀπὸ
634 1514 690 1590 τῆς
717 1509 788 1570 ΗΘ
815 1505 993 1592 διαμέτρου
1022 1517 1084 1592 τῆς
1107 1511 1165 1569 τοῦ
1239 1569 1240 1588 ,

148 1615 330 1701 κυλίνδρου
353 1623 453 1699 τομῆς
475 1615 557 1699 πρὸς
579 1614 616 1677 τὸ
640 1611 704 1677 ἀπὸ
727 1622 784 1697 τῆς
807 1611 963 1699 δευτέρας
980 1612 1164 1699 διαμέτρου

148 1730 206 1806 τῆς
229 1731 288 1787 τοῦ
311 1722 492 1806 κυλίνδρου
512 1729 622 1804 τομῆς,
641 1719 686 1795 ὡς
705 1719 839 1804 ἐδείχθη
857 1722 1032 1806 πρότερον·
1058 1720 1080 1804 ῆ
1101 1719 1164 1802 δίρα
1239 1803 1240 1808 ¹

96 1846 129 1892 15
149 1827 287 1913 δευτέρα
314 1828 487 1913 διάμετρος
513 1835 571 1910 τῆς
598 1835 657 1890 τοῦ
685 1826 866 1912 κυλίνδρου
889 1835 990 1910 τομῆς
1014 1833 1071 1910 ἴση
1097 1820 1163 1889 ἐστὶ
1239 1837 1241 1876 ι

148 1945 187 2020 τῆ
215 1938 281 1997 ΡΤ
304 1931 440 2021 δευτέρᾳ
469 1931 631 2020 διαμέτρῳ
654 1941 712 2016 τῆς
735 1942 794 1997 τοῦ
817 1933 927 1997 κώνου
949 1943 1060 2017 τομῆς.
1109 1929 1164 1994 καί

148 2041 238 2105 ἐστιν
260 2040 280 2124 ἡ
304 2041 475 2124 διχοτομία
493 2049 551 2122 τῆς
571 2043 644 2105 ΘΗ
657 2040 739 2104 κατὰ
757 2041 794 2104 τὸ
814 2044 855 2122 Σ,
878 2036 1034 2125 καὶπρὸς
1054 2036 1162 2126 ὀρθὰς
1240 2029 1242 2060 ³

148 2148 260 2228 ἄγεται
287 2156 326 2232 τῆ
356 2150 428 2211 ΘΗ
451 2144 588 2232 δευτέρα
615 2146 788 2232 διάμετρος
813 2155 870 2229 τῆς
892 2154 952 2209 τοῦ
974 2145 1160 2229 κυλίνδρου

147 2262 257 2338 τομῆς,
280 2253 388 2340 ώσκερ
412 2250 467 2317 καὶ
485 2252 505 2335 ῆ
524 2257 599 2316 ΡΤ·
623 2251 644 2336 ἡ
668 2254 731 2337 ίίρα
750 2256 816 2316 ΡΤ
830 2251 967 2338 δευτέρα
985 2251 1161 2337 διάμετρός
1241 2229 1242 2254 ¹

95 2377 129 2425 20
148 2359 217 2425 ἐστι
243 2369 300 2444 τῆς
327 2384 361 2425 τε
389 2369 448 2425 τοῦ
471 2361 581 2426 κώνου
603 2357 658 2424 καὶ
681 2367 738 2443 τῆς
761 2367 820 2424 τοῦ
843 2358 1025 2443 κυλίνδρου
1048 2364 1158 2442 τομῆς.
1241 2405 1242 2418 ,

148 2467 266 2552 ὁμοίως
293 2464 330 2532 δέ
356 2467 376 2550 ἡ
408 2471 481 2532 ΘΗ
504 2466 677 2552 διάμετρός
704 2464 774 2530 ἐστι
802 2474 859 2548 τῆς
887 2473 946 2529 τοῦ
968 2461 1081 2529 κώνου
1104 2457 1156 2527 καί
1239 2511 1240 2514 ¹

148 2583 205 2656 τῆς
231 2582 291 2638 τοῦ
318 2575 499 2660 κυλίνδρου
522 2581 634 2658 τομῆς·
666 2573 704 2636 τὸ
730 2576 765 2654 Ρ
779 2574 842 2657 ἄρα
866 2583 1001 2655 σημεῖον
1024 2569 1079 2637 ἐπὶ
1102 2577 1157 2651 τῆς
1241 2625 1242 2650 ,

147 2690 289 2762 κωνικῆς
311 2679 503 2764 ἐπιφανείας
524 2677 579 2743 καὶ
603 2677 656 2744 έτὶ
678 2686 735 2763 τῆς
757 2687 816 2742 τοῦ
839 2678 1020 2764 κυλίνδρου
1040 2677 1154 2764 ἐπιφα-

147 2789 238 2862 νείας
264 2785 341 2850 έστί.
390 2785 490 2850 πάλιν
517 2784 585 2850 έκεὶ
613 2785 650 2851 ἐν
677 2797 748 2862 ταῖς
771 2796 884 2869 τομαῖς
906 2793 966 2848 τοῦ
989 2808 1024 2848 τε
1046 2786 1155 2850 κώνου
1241 2809 1242 2848 ι

94 2908 128 2957 25
147 2891 203 2958 καὶ
230 2902 289 2957 τοῦ
317 2894 498 2979 κυλίνδρου
526 2893 563 2957 αί
588 2893 688 2957 αὐταί
708 2893 771 2957 είσι
794 2889 963 2977 διάμετροι
985 2891 1006 2974 ῆ
1029 2915 1064 2956 τε
1089 2887 1157 2956 ΘΗ

147 2998 202 3066 καὶ
224 2998 245 3082 ῆ
269 3003 343 3083 ΡΤ,
370 2998 424 3064 καὶ
451 2999 472 3083 ἡ
500 3002 591 3086 τρίτη
616 3001 679 3080 ἄρα
706 2998 870 3079 ἀνάλογον
897 2997 917 3081 ἡ
941 2997 1038 3082 αὐτῆ,
1063 3021 1152 3063 τουτ-
1241 3001 1242 3040 ¹

148 3191 359 3199 ..-..-.,--

218 3325 242 3374 2.
264 3317 338 3389 ΘΗ]
359 3319 418 3371 ΗΘ
435 3334 462 3385 p.
545 3321 568 3368 6.
588 3317 656 3387 ΚΟ]
677 3318 734 3370 ΟΚ
749 3333 776 3384 p.
860 3319 900 3368 11.
920 3314 990 3382 πρὸς
1007 3314 1039 3369 τό
1058 3346 1092 3356 -
1112 3319 1148 3368 19.

149 3391 219 3460 ΗΘ]
238 3406 291 3444 om.
310 3407 337 3458 p.
407 3393 447 3441 14.
466 3394 515 3455 τῆς
534 3417 566 3426 -
585 3387 682 3457 τομῆς]
701 3402 753 3440 om.
772 3404 799 3454 p.
870 3391 910 3440 19.
930 3384 1045 3511 malm)
1064 3386 1109 3440 bis
1124 3403 1148 3455 p.

183 3465 224 3512 21.
243 3467 292 3530 τῆς
309 3459 371 3530 τοῦ]
389 3465 438 3528 τῆς
456 3475 485 3510 τε
503 3465 552 3511 τοῦ
592 3499 596 3510 .
652 3463 694 3512 22.
716 3460 740 3510 Ρ
750 3455 817 3527 ἄρα]
837 3455 972 3526 ἄραΡμ.
1042 3455 1148 3530 πί]καὶ

149 3525 195 3582 ίκί
211 3546 238 3597 p.
311 3535 353 3583 26.
373 3527 455 3598 αὐτῆ]
474 3526 545 3595 αδτή
564 3474 619 3580 gn
636 3544 662 3594 p.
