2574 3934
179 174 222 238 46
450 177 539 226 ΠΕΡΙ
556 175 771 227 mmor
783 161 925 228 ’Τοααπ

245 318 341 401 ἤχθω
364 319 453 404 παρὰ
476 315 537 402 μὲν
556 320 617 402 τὴν
635 317 743 400 ΕΗη
762 322 801 382 Ν
802 318 843 402 Ξ,
867 320 956 404 παρὰ
980 315 1016 383 N
1039 319 1102 402 τὴν
1123 321 1195 381 ΖΜ

179 426 217 488 αἱ
242 429 330 508 NH,
354 424 429 498 ΞΡ·
468 424 660 509 τεταγμέναι
688 427 752 510 ἄρα
779 423 843 490 εἰσὶ
870 423 924 490 καὶ
952 427 990 489 αἱ
1014 429 1104 509 NH,
1129 424 1192 498 ΞΡ,
1265 455 1266 494 ÷

180 530 249 596 ἐπεὶ
277 527 338 597 οὖν
365 533 402 597 τὸ
430 531 494 596 ἀπὸ
522 541 579 616 της
606 535 683 596 NH
706 533 789 617 πρὸς
812 533 849 596 τὸ
871 532 936 596 ὑπὸ
960 536 1074 596 ΕΠΗ
1094 535 1193 613 λόγον

180 641 254 722 ἔχει,
278 637 318 703 δν
341 639 378 703 τὸ
402 637 466 704 ἀπὸ
489 648 547 722 τῆς
570 637 747 723 διαμέτρου
771 646 828 721 τῆς
851 637 978 721 βάσεως
1001 646 1061 703 τοῦ
1080 641 1192 702 κυλίν-

144 747 263 831 5δρου
286 746 370 830 πρὸς
396 746 434 809 τὸ
463 744 526 810 ἀπὸ
554 755 612 826 τῆς
640 746 817 830 διαμέτρου
845 753 903 827 τῆς
929 755 1045 830 τομῆς,
1070 748 1136 829 ἔχει
1160 740 1193 806 N

177 850 233 917 καὶ
265 853 302 917 τὸ
336 851 400 916 ἀπὸ
432 862 490 934 τῆς
522 851 585 925 ΞΡ
607 854 690 937 πρὸς
716 853 753 916 τὸ
783 851 849 916 ὑπὸ
876 856 981 916 ΕΡΗ
1004 853 1064 917 τὸν
1091 852 1193 917 αὐτὸν
1263 922 1266 926 ς

178 961 292 1041 λόγον,
321 958 365 1034 ὡς
392 959 456 1043 ἄρα
483 959 521 1023 τὸ
548 958 612 1023 ἀπὸ
640 967 697 1042 της
725 963 803 1023 ΝΠ
821 960 905 1043 πρὸς
927 960 963 1023 τὸ
986 959 1052 1023 ὑπὸ
1076 960 1193 1040 ΕΠΗ,
1263 959 1266 966 ''

179 1065 284 1140 οὕτως
311 1066 348 1129 τὸ
377 1063 441 1129 ἀπὸ
468 1064 531 1137 ΞΡ
553 1066 636 1150 πρὸς
658 1066 696 1130 τὸ
719 1064 784 1130 ὑπὸ
806 1069 916 1129 ΕΡΗ.
962 1063 1017 1130 καὶ
1041 1062 1192 1141 ἐναλλάξ·

179 1177 253 1235 λσον
281 1167 318 1235 N
344 1171 381 1235 τὸ
405 1169 469 1236 ἀπὸ
493 1177 570 1236 NH
589 1180 634 1260 τῷ
658 1171 722 1236 ἀπὸ
746 1171 820 1245 ΞΡ·
850 1175 1192 1258 παραλληλόγραμμον

127 1302 160 1350 10
178 1275 242 1362 γάρ
266 1277 335 1341 ἐστι
358 1277 395 1342 τδ
418 1278 570 1352 ΝΠΡΞ·
604 1285 678 1344 ἴσον
701 1280 765 1363 ἄρα
788 1276 842 1342 καὶ
865 1280 902 1342 τὸ
925 1278 991 1343 ὑπὸ
1015 1283 1130 1344 ΕΠΗ
1148 1286 1191 1364 τῷ

178 1384 243 1448 ὑπὸ
262 1387 370 1448 ΕΡΗ.
408 1382 463 1448 καὶ
487 1383 543 1449 ἀπ’
565 1391 648 1451 ἴσον
666 1382 832 1470 ἀφῄρηται
851 1395 918 1448 τῶν
936 1384 1000 1449 ἀπὸ
1020 1390 1095 1469 ΕΘ,
1114 1387 1191 1450 ΘΗ·
1265 1417 1266 1454 ι

179 1489 234 1554 καὶ
249 1491 366 1556 λοιπὸν
379 1493 444 1577 ἄρα
458 1493 495 1556 τὸ
510 1491 574 1556 ἀπὸ
589 1496 659 1556 He
673 1497 777 1579 λοιπῷ
789 1501 837 1579 τῷ
853 1491 916 1556 ἀπὸ
929 1495 988 1556 NP
999 1498 1073 1556 ἴσον
1088 1491 1190 1556 ἐστίν’
1265 1523 1266 1560 ς

180 1602 233 1680 ἴση
253 1599 316 1683 ἄρα
334 1598 355 1682 ἡ
374 1602 444 1663 H&
462 1609 502 1684 τῇ
524 1602 592 1682 ΘΡ,
611 1597 782 1663 τουτέστιν
800 1597 820 1680 ἡ
836 1603 873 1662 Ν
877 1603 905 1662 0
922 1608 961 1684 τῇ
978 1597 1048 1672 ΟΞ.
1073 1599 1190 1684 ὁμοίως
1264 1629 1266 1668 ι

178 1701 215 1768 N
242 1714 344 1770 πᾶσαι
372 1707 408 1769 αἱ
433 1706 521 1790 παρὰ
551 1706 612 1787 την
641 1709 715 1769 ΕΗ
737 1706 813 1788 δι’χα
841 1703 1014 1788 τέμνονται
1042 1705 1107 1770 ὑπὸ
1135 1713 1190 1787 της
1265 1737 1266 1740 “

125 1835 158 1882 15
179 1815 263 1875 ZM·
296 1809 434 1897 δευτέρα
457 1811 632 1897 διάμετρος
654 1813 718 1896 ἄρα
742 1809 831 1875 ἐστὶν
854 1812 874 1895 ἡ
900 1815 979 1875 ΖΜ.

657 2025 711 2075 λς.

242 2128 319 2194 Ἐὰν
350 2131 527 2216 κύλινδρος
560 2129 701 2218 ἐπιπέδῳ
734 2137 845 2215 τμηθῇ
877 2129 1030 2214 τέμνοντι
1063 2133 1100 2196 τὸ
1134 2140 1189 2214 τῆς
1265 2163 1266 2200 1

178 2234 305 2319 βάσεως
328 2236 493 2319 ἐπίπεδον,
516 2237 537 2320 ἡ
561 2234 598 2302 N
620 2237 715 2320 κοινὴ
738 2237 821 2320 τομὴ
844 2245 904 2300 τοῦ
927 2260 961 2300 τε
983 2246 1042 2321 της
1064 2237 1189 2322 βάσεως

176 2342 232 2408 καὶ
259 2353 319 2408 τοῦ
346 2342 523 2428 τέμνοντος
553 2343 709 2408 ἐπιπέδου
736 2344 819 2428 πρὸς
846 2343 952 2429 ὀρθὰς
979 2339 1000 2430 ᾖ
1028 2354 1068 2430 τῇ
1096 2344 1188 2428 βάσει

124 2474 158 2522 20
176 2460 236 2514 τοῦ
264 2451 319 2515 διδι
347 2459 406 2514 τοῦ
434 2449 551 2528 ἄξονος
577 2447 921 2535 παραλληλογράμμου
949 2448 969 2532 ἢ
997 2461 1036 2537 τῇ
1061 2451 1111 2516 ἐπ’
1136 2452 1186 2516 εὐ-

176 2559 271 2632 θείας
299 2557 396 2642 αὐτῇ,
424 2556 444 2639 ἡ
472 2554 532 2640 μὲν
560 2556 623 2622 ἀπὸ
649 2566 706 2639 τῆς
728 2565 829 2640 τομης
852 2554 905 2620 ἐπὶ
928 2558 989 2639 τὴν
1011 2556 1186 2645 διάμετρον

177 2663 316 2746 ἀχθεῖσα
338 2661 547 2747 παράλληλος
569 2673 608 2749 τῇ
632 2662 786 2749 εἰρημένῃ
808 2672 904 2747 κοινῇ
927 2674 1009 2749 τομῇ
1033 2676 1100 2729 τῶν
1121 2665 1186 2730 ε’πι-

176 2766 287 2833 πέδων
310 2769 487 2851 δυνήσεται
512 2772 649 2854 χωρίον,
679 2771 762 2854 πρὸς
785 2768 802 2833 ὃ
826 2770 863 2833 τὸ
886 2769 951 2833 ὑπὸ
975 2781 1042 2835 τῶν
1064 2770 1186 2857 τμημά-

175 2898 244 2940 των
269 2884 328 2959 της
355 2874 535 2961 διαμέτρου
562 2878 663 2959 λόγον
690 2879 769 2960 ἔχει,
803 2874 843 2940 ὃν
871 2877 909 2940 τὸ
939 2875 1002 2940 ἀπὸ
1033 2886 1091 2960 τῆς
1122 2879 1187 2944 δια-

247 3039 270 3087 3.
288 3034 394 3105 ΕΠΗ]
408 3042 464 3088 τῶν
479 3036 544 3102 ΕΠ,
559 3037 623 3087 ΠΗ
633 3052 664 3103 p3
685 3036 714 3086 et
728 3032 857 3086 similiter
872 3048 986 3102 semper.
1043 3040 1066 3087 6.
1086 3037 1185 3106 EPH]

175 3115 212 3162 τῶ
232 3109 292 3173 ΕΡ,
309 3108 364 3158 ΡΗ
378 3123 405 3173 p.
497 3109 521 3159 8.
546 3103 643 3176 οὕτως]
663 3102 734 3159 οὕτω
752 3122 778 3173 p.
870 3106 938 3175 ΞΡ]
957 3112 1006 3174 της
1024 3107 1080 3165 ΞΡ
1098 3124 1131 3175 p3
1159 3111 1187 3160 et

176 3177 307 3233 similiter
326 3191 440 3244 semper.
504 3181 527 3230 9,
548 3179 613 3230 ΝΠ
646 3193 695 3245 vc,
716 3179 776 3229 He
796 3191 863 3228 corr.
878 3193 914 3228 m.
931 3182 945 3229 1
960 3175 994 3244 V,
1012 3184 1061 3246 τῆς
1080 3181 1113 3230 N
1116 3181 1147 3231 H
1160 3197 1185 3246 p.

212 3256 253 3304 10.
275 3248 411 3371 ΝΠΡΞὲ
427 3265 459 3316 p,
485 3249 607 3308 ΝΠΞΡ
652 3263 674 3301 c.
749 3252 789 3299 11.
809 3243 874 3317 ἀπ’]
896 3247 953 3301 ἀπό
972 3263 994 3301 c.
1069 3254 1110 3302 12.
1130 3250 1185 3303 ἀπὸ

178 3321 244 3391 ΘΡ]
263 3318 373 3387 Helley,
412 3318 449 3372 πὸ
467 3326 516 3386 τῆς
532 3321 633 3387 ΘΡμ,
654 3318 777 3372 ePVc.
852 3322 893 3372 15.
913 3316 1073 3400 διάμετρος]
1091 3336 1144 3375 om.
1159 3339 1184 3388 p.

214 3391 288 3462 ZM]
307 3408 338 3459 p,
366 3391 430 3443 ΘΝ
449 3388 496 3441 uel
516 3389 628 3457 MV,
659 3391 766 3456 ΘΝο,
791 3390 901 3457 &Mn
926 3389 960 3458 „vj
983 3392 1045 3444 ΘΝ
1065 3408 1095 3442 111
1119 3408 1184 3460 apo-

176 3462 300 3530 graph0“
319 3479 355 3514 m.
374 3476 428 3514 rec.
447 3459 480 3512 V.
573 3463 613 3512 18.
637 3459 735 3530 ποινή]
758 3458 829 3526 ιιονή
847 3476 873 3527 p.
959 3465 1000 3514 23.
1023 3463 1137 3532 χωρίον]
1159 3483 1184 3516 τι

176 3529 277 3602 ηυρλον
295 3548 321 3598 p.
398 3535 440 3584 24.
462 3528 528 3600 ἔχει]
548 3527 601 3594 ἕξει
618 3546 645 3596 p.
