2574 3934
169 149 210 213 10
431 152 518 202 ΠΕΡΙ
536 149 750 202 ΚΤΛΙΝΔΡΟΤ
769 151 904 204 ΤΟΜΗΣ.

233 297 315 359 ἔστω
344 294 535 379 κύλινδρος,
562 289 602 359 οὗ
629 291 741 377 ῥύσεις
767 291 827 378 μὲν
855 296 890 360 οἱ
915 292 991 380 περὶ
1014 296 1054 359 τδι
1078 301 1125 379 A,
1152 301 1191 360 Β

167 399 287 487 κέντρα
316 401 446 483 κύκλοι,
477 399 564 478 ἄξων
593 396 630 464 δὲ
658 400 678 484 ἡ
705 405 772 464 AB
800 401 928 484 εὐθεῖα,
956 399 1011 466 καὶ
1038 402 1094 466 διδ
1122 411 1194 486 τῆς

171 513 237 572 AB
278 506 488 591 ἐκβεβλήσθω
526 505 682 572 ἐπίπεδον
722 505 842 592 τέμνον
882 509 941 574 τὸν
983 509 1193 594 κύλινδρον·

166 616 296 698 ποιήσει
319 615 359 698 δὴ
384 613 420 678 ἐν
442 610 502 698 μὲν
524 625 594 689 τοῖς
616 614 750 690 κύκλοις
773 614 905 690 εὐθείας
928 615 985 690 τὰς
1010 617 1089 698 ΓΔ,
1114 619 1190 680 ΕΖ

133 730 149 778 5
169 719 364 807 διαμέτρους
392 721 507 803 ούσας,
535 719 571 784 ἐν
594 716 635 784 δὲ’
653 730 692 806 τῇ
717 719 891 808 ἐπιφανείᾳ
913 729 972 786 τοῦ
995 722 1189 807 κυλίνδρου

166 829 224 904 τὰς
247 830 361 912 ΕΗΓ,
387 831 453 891 ΖΔ
475 827 633 912 γραμμάς.
680 825 778 911 λέγω,
801 827 852 892 ὅτι
875 826 929 893 καὶ
953 825 1087 913 ἑκατέρα
1110 839 1189 892 τῶν

167 939 241 998 ΕΗ
242 937 283 1017 Γ,
306 938 372 998 ΔΖ
395 943 555 1019 γραμμῶν
579 932 693 998 εὐθεϊοί
717 932 816 999 ἐστιν.

233 1043 264 1106 εί
276 1042 338 1126 γδιρ
353 1040 508 1123 δυνατόν,
522 1041 565 1124 μὴ
581 1042 727 1104 ἔστωσαν
741 1040 879 1125 εὐθεῖαι,
893 1039 948 1105 καὶ
963 1041 1186 1126 ἐπεζεύχδωὴ

166 1150 261 1212 ΕΘΓ
270 1148 394 1212 εὐθεῖα.
417 1144 485 1211 ἐπεὶ
500 1143 562 1212 οὖν
575 1145 595 1229 ἡ
606 1149 839 1232 ΕΗΓγραμμὴ
854 1145 909 1211 καὶ
923 1146 943 1230 ἡ
958 1150 1053 1212 ΕΘΓ
1062 1147 1187 1214 εὐθεῖα

115 1265 147 1313 10
167 1252 261 1340 ἐντῷ
276 1257 343 1316 ΕΔ
352 1251 492 1340 ἐπιπέδῳ
508 1250 570 1317 είσὶ
581 1253 806 1318 συνάπτουσαι
816 1255 947 1318 κατδτδι
962 1258 1001 1338 Ε,
1013 1257 1045 1318 Γ
1050 1267 1184 1340 σημεῖα,

166 1363 224 1424 καί
238 1358 327 1424 ἐστιν
346 1357 366 1441 ἡ
385 1361 493 1423 ΕΗΓ
505 1361 637 1445 γραμμὴ
652 1357 705 1424 ἐπὶ
718 1368 775 1443 τῆς
789 1368 848 1425 τοῦ
862 1361 1044 1446 κυλίνδρου
1059 1360 1184 1445 ἐπιφα-

166 1469 269 1551 νείας,
292 1463 312 1547 ἡ
336 1467 439 1530 ΕΘΓ
459 1467 523 1550 ἄρα
546 1465 661 1530 εὐθεῖα
684 1466 746 1531 οὐκ
769 1469 858 1532 ἐστιν
882 1465 934 1533 ἐπὶ
956 1476 1014 1552 τῆς
1036 1476 1095 1532 τοῦ
1118 1491 1183 1534 κυ-

167 1573 305 1658 λίνδρου
329 1571 529 1656 ἐπιφανείας.
566 1569 634 1636 ἐπεὶ
658 1567 719 1638 οὖν
743 1573 778 1636 οί
797 1579 843 1656 A,
866 1577 895 1636 B
917 1574 1032 1640 κύκλοι
1057 1581 1122 1640 ίσοι
1143 1600 1182 1641 τε

165 1677 221 1743 καὶ
246 1678 454 1764 παράλληλοί
479 1681 542 1743 είσι
568 1676 624 1742 καὶ
646 1675 820 1762 τέμνονται
844 1679 909 1744 ὑπὸ
932 1689 992 1745 τοῦ
1015 1686 1083 1745 ΕΛ
1107 1680 1180 1747 ἐπι-

114 1797 147 1844 15
165 1783 283 1868 πέδου,
311 1786 348 1849 αλ
373 1787 436 1871 ἄρα
462 1782 573 1850 κοιναὶ
601 1784 711 1850 αὐτῶν
735 1783 832 1869 τομαὶ
854 1787 1061 1873 παράλληλοί
1081 1790 1178 1854 είσιν.

166 1890 229 1958 είσὶ
256 1887 294 1956 δέ
322 1888 377 1955 καὶ
406 1897 485 1955 ίσαι·
513 1891 682 1976 διάμετροι
709 1892 771 1977 γάρ
802 1893 887 1957 είσιν
919 1899 1000 1958 ίσων
1029 1893 1178 1960 κύκλων·

166 1998 224 2063 ἐδιν
251 2000 315 2083 ίλρα
342 1999 509 2080 μενόντων
536 2008 603 2062 τῶν
631 2004 677 2082 A,
700 2002 729 2061 Β
757 2001 900 2082 σημείων
927 2001 985 2076 τὰς
1008 2005 1087 2085 ΑΓ,
1112 2006 1180 2066 ΒΕ

165 2102 362 2189 διαμέτρους
393 2104 563 2188 νοήσωμεν
595 2103 867 2190 περιενεγκούσας
898 2108 958 2190 τὴν
990 2110 1094 2172 ΕΘΓ
1121 2109 1178 2174 εὐ-

165 2218 263 2276 δείαν
290 2207 365 2295 περὶ
392 2213 470 2287 τοὺς
493 2217 538 2294 A,
562 2215 590 2274 B
613 2209 755 2286 κύκλους
777 2209 833 2275 καὶ
856 2211 1177 2300 ἀποκαθισταμένας,

112 2317 185 2401 2οἡ
208 2322 240 2381 Ε
246 2318 312 2382 ΕΓ
330 2317 444 2382 εὐθεῖα
467 2318 586 2402 γράψει
609 2319 670 2401 τὴν
690 2326 750 2382 τοῦ
768 2319 950 2403 κυλίνδρου
969 2317 1177 2407 ἐπιφάνειαν,

164 2423 220 2490 καὶ
243 2427 332 2490 ἔσται
355 2425 391 2490 τὸ
418 2429 447 2489 Θ
465 2422 517 2489 ἐπὶ
536 2433 593 2507 τῆς
611 2422 811 2509 ἐπιφανείας.
849 2419 891 2507 ἦν
910 2420 947 2489 δὲ
965 2424 1069 2502 ἐκτός·
1094 2427 1175 2514 ὅπερ

166 2530 340 2597 ἀδύνατον.
386 2531 501 2597 εὐθεῖα
524 2533 588 2616 ἄρα
612 2529 700 2595 ἐστὶν
723 2530 743 2614 ἡ
764 2534 874 2596 ΕΗΓ.
916 2531 1036 2616 ὁμοίως
1060 2530 1096 2598 δὲ
1119 2533 1176 2599 καὶ

165 2638 185 2722 ἡ
210 2643 285 2702 ΖΔ.
334 2635 389 2702 καὶ
417 2635 687 2720 ἐπιζευγνύουσιν
715 2644 788 2713 ίσας
810 2661 844 2703 τε
867 2636 922 2703 καὶ
943 2641 1177 2725 παραλλήλους

165 2745 223 2819 τὰς
244 2748 323 2826 ΕΖ,
347 2747 424 2808 ΓΔ*
465 2745 501 2808 τὸ
529 2749 597 2809 ΕΔ
619 2747 683 2830 ἄρα
705 2747 1047 2831 παραλληλόγραμμόν
1069 2745 1176 2812 ἐστιν·

112 2860 146 2910 25
166 2849 244 2935 ὅπερ
269 2850 334 2914 ἔδει
358 2848 470 2926 δείξαι.

236 3084 259 3132 1.
280 3076 385 3149 βάσεις]
406 3095 473 3132 corr.
494 3094 528 3131 ex
546 3076 626 3148 βάσις
643 3097 675 3147 p,
700 3076 781 3148 βάσις
798 3079 874 3134 ch.
958 3085 981 3134 2.
1000 3081 1060 3151 τῆς]
1079 3089 1129 3136 τοῦ
1149 3098 1172 3137 ο.

201 3150 305 3220 3.AB]
325 3153 374 3202 AB
394 3146 552 3219 εύδείαςρ.
627 3154 650 3204 6,
672 3151 847 3221 ΕΗΠΖΔ]
868 3154 1076 3220 mmm-p.
1147 3158 1170 3208 7.

167 3222 271 3292 ΕΗΓ]
294 3223 380 3274 ΓΗΕ
397 3239 423 3290 p.
491 3223 515 3276 9.
536 3222 709 3292 Εοωρπμ
731 3223 815 3276 νοω
833 3239 859 3290 p.
916 3223 1018 3294 ΕΗΓ]
1041 3226 1127 3277 ΓΗΕ
1144 3242 1171 3293 p.

202 3290 389 3363 τιονμιω]
419 3295 504 3347 Γοιι
534 3293 645 3346 κειται
675 3310 702 3362 p.
794 3297 834 3346 10.
865 3293 934 3364 EA]
963 3310 1031 3348 corr.
1056 3310 1090 3347 ex
1116 3298 1173 3351 ,το

165 3369 290 3417 m.1c.
387 3368 428 3418 11.
458 3363 562 3434 ΕΗΓ]
593 3366 679 3417 ΓΗΕ
705 3381 731 3431 p.
828 3369 869 3418 12.
899 3365 1001 3436 ΕΘΓ]
1032 3368 1117 3420 ΓΘΕ
1144 3384 1171 3435 p.

202 3439 242 3488 18.
264 3436 366 3506 σου]
388 3437 472 3490 νοω
489 3452 516 3503 p.
603 3441 644 3488 ω.
665 3434 769 3504 σου]
790 3436 874 3488 m
891 3452 917 3503 p.
1002 3441 1043 3490 ει.
1064 3439 1156 3490 ΕΗΓ

167 3507 265 3572 ΓΗΕ,
290 3509 315 3559 Ε
334 3522 348 3559 e
368 3522 445 3575 corr,
468 3523 495 3574 p.
576 3510 617 3559 23.
639 3505 702 3575 ΖΔ]
722 3508 776 3558 ΔΖ
793 3523 820 3574 p.
894 3505 1170 3577 ἐπιζευγνύουσιν,
