<?xml version="1.0" encoding="UTF-8"?>
<!DOCTYPE html PUBLIC "-//W3C//DTD XHTML 1.0 Transitional//EN"
    "http://www.w3.org/TR/xhtml1/DTD/xhtml1-transitional.dtd">
<html xmlns="http://www.w3.org/1999/xhtml" xml:lang="en" lang="en">
 <head>
  <title>
</title>
<meta http-equiv="Content-Type" content="text/html;charset=utf-8" />
  <meta name='ocr-system' content='tesseract 3.04.00' />
  <meta name='ocr-capabilities' content='ocr_page ocr_carea ocr_par ocr_line ocrx_word'/>
</head>
<body>
  <div class='ocr_page' id='page_1' title='image "./sereniantinoens00heibgoog_0054.png"; bbox 0 0 2574 3934; ppageno 0'>
   <div class='ocr_carea' id='block_1_1' title="bbox 351 173 1105 237">
    <p class='ocr_par' dir='ltr' id='par_1_1' title="bbox 351 173 1105 237">
     <span class='ocr_line' id='line_1_1' title="bbox 351 173 1105 237; baseline 0.019 -15"><span class='ocrx_word' id='word_1_1' title='bbox 351 215 354 222; x_wconf 92' lang='lat'><em>.</em></span> <span class='ocrx_word' id='word_1_2' title='bbox 377 175 427 224; x_wconf 80' lang='lat' dir='ltr'>nn</span> <span class='ocrx_word' id='word_1_3' title='bbox 447 173 623 226; x_wconf 77' lang='lat' dir='ltr'>sacriora</span> <span class='ocrx_word' id='word_1_4' title='bbox 642 175 821 228; x_wconf 76' lang='lat' dir='ltr'>crummu.</span> <span class='ocrx_word' id='word_1_5' title='bbox 1062 173 1105 237; x_wconf 81' lang='lat'>29</span> 
     </span>
    </p>
   </div>
   <div class='ocr_carea' id='block_1_2' title="bbox 79 305 1109 3383">
    <p class='ocr_par' dir='ltr' id='par_1_2' title="bbox 79 305 1107 808">
     <span class='ocr_line' id='line_1_2' title="bbox 79 305 1106 403; baseline 0.001 -22"><span class='ocrx_word' id='word_1_6' title='bbox 79 318 195 403; x_wconf 82' lang='lat' dir='ltr'>igitur</span> <span class='ocrx_word' id='word_1_7' title='bbox 224 339 336 382; x_wconf 87' lang='lat' dir='ltr'>secans</span> <span class='ocrx_word' id='word_1_8' title='bbox 365 321 421 381; x_wconf 91' lang='lat' dir='ltr'>aut</span> <span class='ocrx_word' id='word_1_9' title='bbox 448 316 553 380; x_wconf 90' lang='lat' dir='ltr'>basim</span> <span class='ocrx_word' id='word_1_10' title='bbox 582 339 709 402; x_wconf 89' lang='lat' dir='ltr'>quoque</span> <span class='ocrx_word' id='word_1_11' title='bbox 735 305 905 401; x_wconf 73' lang='lat' dir='ltr'>utramq&#39;ue</span> <span class='ocrx_word' id='word_1_12' title='bbox 937 322 1025 383; x_wconf 88' lang='lat' dir='ltr'>secat</span> <span class='ocrx_word' id='word_1_13' title='bbox 1049 323 1106 382; x_wconf 89' lang='lat' dir='ltr'>aut</span> 
     </span>
     <span class='ocr_line' id='line_1_3' title="bbox 83 423 1107 508; baseline 0.001 -20"><span class='ocrx_word' id='word_1_14' title='bbox 83 424 233 488; x_wconf 86' lang='lat' dir='ltr'>alteram</span> <span class='ocrx_word' id='word_1_15' title='bbox 270 428 327 487; x_wconf 93' lang='lat' dir='ltr'>aut</span> <span class='ocrx_word' id='word_1_16' title='bbox 358 427 515 488; x_wconf 79' lang='lat' dir='ltr'><strong>neutram.</strong></span> <span class='ocrx_word' id='word_1_17' title='bbox 569 423 635 487; x_wconf 90' lang='lat' dir='ltr'>iam</span> <span class='ocrx_word' id='word_1_18' title='bbox 665 424 808 508; x_wconf 92' lang='lat' dir='ltr'>primum</span> <span class='ocrx_word' id='word_1_19' title='bbox 838 429 988 488; x_wconf 75' lang='lat' dir='ltr'><strong>neutram</strong></span> <span class='ocrx_word' id='word_1_20' title='bbox 1020 429 1107 490; x_wconf 88' lang='lat' dir='ltr'>secet</span> 
     </span>
     <span class='ocr_line' id='line_1_4' title="bbox 83 530 1106 617; baseline 0.002 -23"><span class='ocrx_word' id='word_1_21' title='bbox 83 531 277 614; x_wconf 89' lang='lat' dir='ltr'>efficiatque</span> <span class='ocrx_word' id='word_1_22' title='bbox 304 531 340 593; x_wconf 91' lang='lat' dir='ltr'>in</span> <span class='ocrx_word' id='word_1_23' title='bbox 368 530 537 614; x_wconf 89' lang='lat' dir='ltr'>superficie</span> <span class='ocrx_word' id='word_1_24' title='bbox 566 530 703 614; x_wconf 82' lang='lat' dir='ltr'>cylindri</span> <span class='ocrx_word' id='word_1_25' title='bbox 726 530 845 594; x_wconf 89' lang='lat' dir='ltr'>lineam</span> <span class='ocrx_word' id='word_1_26' title='bbox 870 535 977 595; x_wconf 86' lang='grc' dir='ltr'><em>ΓΕΔ.</em></span> <span class='ocrx_word' id='word_1_27' title='bbox 1024 531 1106 617; x_wconf 87' lang='lat' dir='ltr'>dico,</span> 
     </span>
     <span class='ocr_line' id='line_1_5' title="bbox 83 637 1105 722; baseline 0.002 -22"><span class='ocrx_word' id='word_1_28' title='bbox 83 637 214 702; x_wconf 87' lang='lat' dir='ltr'>lineam</span> <span class='ocrx_word' id='word_1_29' title='bbox 252 639 350 701; x_wconf 86' lang='grc' dir='ltr'>ΓΕΔ</span> <span class='ocrx_word' id='word_1_30' title='bbox 388 659 491 720; x_wconf 90' lang='lat' dir='ltr'>neque</span> <span class='ocrx_word' id='word_1_31' title='bbox 529 637 685 701; x_wconf 90' lang='lat' dir='ltr'>circulum</span> <span class='ocrx_word' id='word_1_32' title='bbox 721 659 791 701; x_wconf 88' lang='lat' dir='ltr'>esse</span> <span class='ocrx_word' id='word_1_33' title='bbox 827 658 931 721; x_wconf 92' lang='lat' dir='ltr'>neque</span> <span class='ocrx_word' id='word_1_34' title='bbox 966 637 1105 722; x_wconf 83' lang='lat' dir='ltr'>figuram</span> 
     </span>
     <span class='ocr_line' id='line_1_6' title="bbox 82 743 302 808; baseline -0.005 -1"><span class='ocrx_word' id='word_1_35' title='bbox 82 743 302 808; x_wconf 78' lang='lat' dir='ltr'>rectilineum.</span> 
     </span>
    </p>

    <p class='ocr_par' dir='ltr' id='par_1_3' title="bbox 84 849 1107 1786">
     <span class='ocr_line' id='line_1_7' title="bbox 157 849 1104 935; baseline 0.002 -22"><span class='ocrx_word' id='word_1_36' title='bbox 157 850 227 914; x_wconf 84' lang='lat' dir='ltr'>iam</span> <span class='ocrx_word' id='word_1_37' title='bbox 259 849 461 916; x_wconf 90' lang='lat' dir='ltr'>rectilineam</span> <span class='ocrx_word' id='word_1_38' title='bbox 492 850 631 935; x_wconf 76' lang='lat' dir='ltr'>figuram</span> <span class='ocrx_word' id='word_1_39' title='bbox 657 873 728 915; x_wconf 87' lang='lat' dir='ltr'>eam</span> <span class='ocrx_word' id='word_1_40' title='bbox 756 873 820 915; x_wconf 88' lang='lat' dir='ltr'>non</span> <span class='ocrx_word' id='word_1_41' title='bbox 848 873 931 927; x_wconf 89' lang='lat' dir='ltr'>esse,</span> <span class='ocrx_word' id='word_1_42' title='bbox 963 851 1104 934; x_wconf 76' lang='lat' dir='ltr'>adparet.</span> 
     </span>
     <span class='ocr_line' id='line_1_8' title="bbox 84 956 1105 1042; baseline 0 -22"><span class='ocrx_word' id='word_1_43' title='bbox 84 979 182 1041; x_wconf 86' lang='lat' dir='ltr'>nam,</span> <span class='ocrx_word' id='word_1_44' title='bbox 207 956 235 1020; x_wconf 90' lang='lat' dir='ltr'>si</span> <span class='ocrx_word' id='word_1_45' title='bbox 257 957 328 1020; x_wconf 93' lang='lat' dir='ltr'>fieri</span> <span class='ocrx_word' id='word_1_46' title='bbox 350 960 472 1042; x_wconf 82' lang='lat' dir='ltr'>potest,</span> <span class='ocrx_word' id='word_1_47' title='bbox 495 956 539 1021; x_wconf 88' lang='lat' dir='ltr'>sit</span> <span class='ocrx_word' id='word_1_48' title='bbox 561 957 668 1041; x_wconf 82' lang='lat' dir='ltr'>figura</span> <span class='ocrx_word' id='word_1_49' title='bbox 689 957 871 1042; x_wconf 83' lang='lat' dir='ltr'>rectilinea,</span> <span class='ocrx_word' id='word_1_50' title='bbox 895 961 1105 1040; x_wconf 88' lang='lat' dir='ltr'>sumaturque</span> 
     </span>
     <span class='ocr_line' id='line_1_9' title="bbox 85 1061 1105 1149; baseline 0 -22"><span class='ocrx_word' id='word_1_51' title='bbox 85 1064 180 1127; x_wconf 86' lang='lat' dir='ltr'>latus</span> <span class='ocrx_word' id='word_1_52' title='bbox 209 1063 341 1146; x_wconf 81' lang='lat' dir='ltr'>aliquod</span> <span class='ocrx_word' id='word_1_53' title='bbox 369 1061 437 1126; x_wconf 86' lang='lat' dir='ltr'>cius</span> <span class='ocrx_word' id='word_1_54' title='bbox 463 1065 532 1127; x_wconf 78' lang='lat' dir='ltr'>PE.</span> <span class='ocrx_word' id='word_1_55' title='bbox 578 1061 731 1145; x_wconf 89' lang='lat' dir='ltr'>quoniam</span> <span class='ocrx_word' id='word_1_56' title='bbox 755 1063 857 1149; x_wconf 85' lang='lat' dir='ltr'>igitur</span> <span class='ocrx_word' id='word_1_57' title='bbox 879 1065 914 1127; x_wconf 89' lang='lat' dir='ltr'>in</span> <span class='ocrx_word' id='word_1_58' title='bbox 937 1061 1105 1147; x_wconf 88' lang='lat' dir='ltr'>superficie</span> 
     </span>
     <span class='ocr_line' id='line_1_10' title="bbox 87 1169 1106 1254; baseline 0.001 -20"><span class='ocrx_word' id='word_1_59' title='bbox 87 1169 232 1254; x_wconf 82' lang='lat' dir='ltr'>cylindri</span> <span class='ocrx_word' id='word_1_60' title='bbox 256 1170 319 1233; x_wconf 89' lang='lat' dir='ltr'>duo</span> <span class='ocrx_word' id='word_1_61' title='bbox 343 1173 465 1253; x_wconf 90' lang='lat' dir='ltr'>puncta</span> <span class='ocrx_word' id='word_1_62' title='bbox 488 1173 618 1253; x_wconf 87' lang='lat' dir='ltr'>sumpta</span> <span class='ocrx_word' id='word_1_63' title='bbox 642 1173 717 1234; x_wconf 91' lang='lat' dir='ltr'>sunt</span> <span class='ocrx_word' id='word_1_64' title='bbox 738 1174 774 1254; x_wconf 90' lang='grc' dir='ltr'>Γ,</span> <span class='ocrx_word' id='word_1_65' title='bbox 795 1176 827 1235; x_wconf 92' lang='lat' dir='ltr'><strong><em>E</em></strong></span> <span class='ocrx_word' id='word_1_66' title='bbox 846 1193 913 1235; x_wconf 91' lang='lat' dir='ltr'>non</span> <span class='ocrx_word' id='word_1_67' title='bbox 934 1170 970 1234; x_wconf 92' lang='lat' dir='ltr'>iu</span> <span class='ocrx_word' id='word_1_68' title='bbox 993 1170 1106 1235; x_wconf 89' lang='lat' dir='ltr'>eodem</span> 
     </span>
     <span class='ocr_line' id='line_1_11' title="bbox 87 1272 1107 1361; baseline 0 -21"><span class='ocrx_word' id='word_1_69' title='bbox 87 1276 196 1340; x_wconf 88' lang='lat' dir='ltr'>latere</span> <span class='ocrx_word' id='word_1_70' title='bbox 229 1275 367 1360; x_wconf 84' lang='lat' dir='ltr'>cylindri</span> <span class='ocrx_word' id='word_1_71' title='bbox 398 1274 508 1359; x_wconf 89' lang='lat' dir='ltr'>posita</span> <span class='ocrx_word' id='word_1_72' title='bbox 540 1272 639 1361; x_wconf 89' lang='lat' dir='ltr'>(latus</span> <span class='ocrx_word' id='word_1_73' title='bbox 673 1275 760 1340; x_wconf 90' lang='lat' dir='ltr'>enim</span> <span class='ocrx_word' id='word_1_74' title='bbox 792 1276 892 1342; x_wconf 89' lang='lat' dir='ltr'>talem</span> <span class='ocrx_word' id='word_1_75' title='bbox 922 1277 1042 1341; x_wconf 90' lang='lat' dir='ltr'>lineam</span> <span class='ocrx_word' id='word_1_76' title='bbox 1071 1276 1107 1340; x_wconf 91' lang='lat' dir='ltr'>in</span> 
     </span>
     <span class='ocr_line' id='line_1_12' title="bbox 90 1378 1107 1468; baseline 0.003 -23"><span class='ocrx_word' id='word_1_77' title='bbox 90 1382 224 1446; x_wconf 89' lang='lat' dir='ltr'>duobus</span> <span class='ocrx_word' id='word_1_78' title='bbox 251 1380 381 1466; x_wconf 89' lang='lat' dir='ltr'>punctis</span> <span class='ocrx_word' id='word_1_79' title='bbox 408 1402 475 1444; x_wconf 91' lang='lat' dir='ltr'>non</span> <span class='ocrx_word' id='word_1_80' title='bbox 502 1378 618 1468; x_wconf 87' lang='lat' dir='ltr'>secat),</span> <span class='ocrx_word' id='word_1_81' title='bbox 646 1385 735 1445; x_wconf 87' lang='lat' dir='ltr'>recta</span> <span class='ocrx_word' id='word_1_82' title='bbox 763 1387 884 1465; x_wconf 90' lang='lat' dir='ltr'>puncta</span> <span class='ocrx_word' id='word_1_83' title='bbox 908 1387 948 1465; x_wconf 89' lang='grc' dir='ltr'>Γ,</span> <span class='ocrx_word' id='word_1_84' title='bbox 976 1388 1008 1447; x_wconf 86' lang='grc' dir='ltr'><em>Ε</em></span> <span class='ocrx_word' id='word_1_85' title='bbox 1031 1405 1107 1449; x_wconf 92' lang='lat' dir='ltr'>con-</span> 
     </span>
     <span class='ocr_line' id='line_1_13' title="bbox 88 1486 1105 1572; baseline 0.002 -20"><span class='ocrx_word' id='word_1_86' title='bbox 88 1489 233 1572; x_wconf 87' lang='lat' dir='ltr'>iungens</span> <span class='ocrx_word' id='word_1_87' title='bbox 247 1487 282 1550; x_wconf 91' lang='lat' dir='ltr'>in</span> <span class='ocrx_word' id='word_1_88' title='bbox 296 1487 464 1570; x_wconf 90' lang='lat' dir='ltr'>superficie</span> <span class='ocrx_word' id='word_1_89' title='bbox 479 1486 616 1571; x_wconf 88' lang='lat' dir='ltr'>cylindri</span> <span class='ocrx_word' id='word_1_90' title='bbox 631 1491 693 1572; x_wconf 82' lang='lat' dir='ltr'>est3</span> <span class='ocrx_word' id='word_1_91' title='bbox 713 1488 799 1570; x_wconf 92' lang='lat' dir='ltr'>quod</span> <span class='ocrx_word' id='word_1_92' title='bbox 813 1489 1105 1554; x_wconf 88' lang='lat' dir='ltr'>demonstrauimus</span> 
     </span>
     <span class='ocr_line' id='line_1_14' title="bbox 88 1592 1106 1679; baseline 0 -20"><span class='ocrx_word' id='word_1_93' title='bbox 88 1595 164 1659; x_wconf 90' lang='lat' dir='ltr'>fieri</span> <span class='ocrx_word' id='word_1_94' title='bbox 193 1615 259 1658; x_wconf 89' lang='lat' dir='ltr'>non</span> <span class='ocrx_word' id='word_1_95' title='bbox 285 1615 381 1676; x_wconf 89' lang='lat' dir='ltr'>posse</span> <span class='ocrx_word' id='word_1_96' title='bbox 408 1593 511 1679; x_wconf 90' lang='lat' dir='ltr'>[prop.</span> <span class='ocrx_word' id='word_1_97' title='bbox 531 1592 636 1678; x_wconf 69' lang='lat' dir='ltr'><strong>VIII}</strong></span> <span class='ocrx_word' id='word_1_98' title='bbox 681 1593 791 1678; x_wconf 87' lang='lat' dir='ltr'>itaque</span> <span class='ocrx_word' id='word_1_99' title='bbox 819 1593 905 1658; x_wconf 89' lang='lat' dir='ltr'>linea</span> <span class='ocrx_word' id='word_1_100' title='bbox 929 1597 992 1657; x_wconf 89' lang='grc' dir='ltr'>ΓΕ</span> <span class='ocrx_word' id='word_1_101' title='bbox 1018 1600 1106 1659; x_wconf 90' lang='lat' dir='ltr'>recta</span> 
     </span>
     <span class='ocr_line' id='line_1_15' title="bbox 90 1699 961 1786; baseline -0.001 -21"><span class='ocrx_word' id='word_1_102' title='bbox 90 1723 161 1765; x_wconf 93' lang='lat' dir='ltr'>non</span> <span class='ocrx_word' id='word_1_103' title='bbox 185 1704 248 1783; x_wconf 82' lang='lat' dir='ltr'>est3</span> <span class='ocrx_word' id='word_1_104' title='bbox 272 1721 350 1786; x_wconf 83' lang='lat' dir='ltr'>ergo</span> <span class='ocrx_word' id='word_1_105' title='bbox 373 1701 480 1786; x_wconf 81' lang='lat' dir='ltr'>figura</span> <span class='ocrx_word' id='word_1_106' title='bbox 503 1704 604 1764; x_wconf 84' lang='grc' dir='ltr'>ΓΕΔ</span> <span class='ocrx_word' id='word_1_107' title='bbox 626 1699 793 1766; x_wconf 89' lang='lat' dir='ltr'>rectilinea</span> <span class='ocrx_word' id='word_1_108' title='bbox 814 1722 881 1765; x_wconf 91' lang='lat' dir='ltr'>non</span> <span class='ocrx_word' id='word_1_109' title='bbox 903 1704 961 1764; x_wconf 90' lang='lat' dir='ltr'>est.</span> 
     </span>
    </p>

    <p class='ocr_par' dir='ltr' id='par_1_4' title="bbox 92 1805 1105 1978">
     <span class='ocr_line' id='line_1_16' title="bbox 159 1805 1105 1892; baseline 0 -22"><span class='ocrx_word' id='word_1_110' title='bbox 159 1807 227 1871; x_wconf 91' lang='lat' dir='ltr'>iam</span> <span class='ocrx_word' id='word_1_111' title='bbox 264 1807 564 1891; x_wconf 87' lang='lat' dir='ltr'>demonstrandum,</span> <span class='ocrx_word' id='word_1_112' title='bbox 598 1829 638 1870; x_wconf 89' lang='lat' dir='ltr'>ne</span> <span class='ocrx_word' id='word_1_113' title='bbox 676 1805 832 1872; x_wconf 91' lang='lat' dir='ltr'>circulum</span> <span class='ocrx_word' id='word_1_114' title='bbox 868 1807 998 1892; x_wconf 89' lang='lat' dir='ltr'>quidem</span> <span class='ocrx_word' id='word_1_115' title='bbox 1034 1829 1105 1871; x_wconf 86' lang='lat' dir='ltr'>eam</span> 
     </span>
     <span class='ocr_line' id='line_1_17' title="bbox 92 1934 174 1978; baseline 0 -1"><span class='ocrx_word' id='word_1_116' title='bbox 92 1934 174 1978; x_wconf 88' lang='lat' dir='ltr'>esse.</span> 
     </span>
    </p>

    <p class='ocr_par' dir='ltr' id='par_1_5' title="bbox 93 2019 1109 3383">
     <span class='ocr_line' id='line_1_18' title="bbox 162 2019 1107 2104; baseline 0.001 -22"><span class='ocrx_word' id='word_1_117' title='bbox 162 2019 316 2104; x_wconf 89' lang='lat' dir='ltr'>quoniam</span> <span class='ocrx_word' id='word_1_118' title='bbox 345 2019 432 2083; x_wconf 91' lang='lat' dir='ltr'>enim</span> <span class='ocrx_word' id='word_1_119' title='bbox 458 2019 591 2104; x_wconf 87' lang='lat' dir='ltr'>planum</span> <span class='ocrx_word' id='word_1_120' title='bbox 619 2019 772 2084; x_wconf 75' lang='lat' dir='ltr'>sectionis</span> <span class='ocrx_word' id='word_1_121' title='bbox 796 2022 896 2085; x_wconf 83' lang='grc' dir='ltr'>ΓΕΔ</span> <span class='ocrx_word' id='word_1_122' title='bbox 921 2019 1019 2104; x_wconf 90' lang='lat' dir='ltr'>plano</span> <span class='ocrx_word' id='word_1_123' title='bbox 1048 2019 1107 2085; x_wconf 89' lang='lat' dir='ltr'>cir·</span> 
     </span>
     <span class='ocr_line' id='line_1_19' title="bbox 93 2125 1105 2211; baseline 0.001 -20"><span class='ocrx_word' id='word_1_124' title='bbox 93 2126 160 2191; x_wconf 89' lang='lat' dir='ltr'>culi</span> <span class='ocrx_word' id='word_1_125' title='bbox 183 2131 215 2190; x_wconf 98' lang='lat' dir='ltr'><em>A</em></span> <span class='ocrx_word' id='word_1_126' title='bbox 241 2125 432 2210; x_wconf 81' lang='lat' dir='ltr'>parallelum</span> <span class='ocrx_word' id='word_1_127' title='bbox 459 2148 526 2190; x_wconf 90' lang='lat' dir='ltr'>non</span> <span class='ocrx_word' id='word_1_128' title='bbox 553 2130 616 2211; x_wconf 87' lang='lat' dir='ltr'>est,</span> <span class='ocrx_word' id='word_1_129' title='bbox 646 2126 805 2211; x_wconf 89' lang='lat' dir='ltr'>producta</span> <span class='ocrx_word' id='word_1_130' title='bbox 835 2127 933 2211; x_wconf 90' lang='lat' dir='ltr'>plana</span> <span class='ocrx_word' id='word_1_131' title='bbox 958 2127 1044 2191; x_wconf 87' lang='lat' dir='ltr'>inter</span> <span class='ocrx_word' id='word_1_132' title='bbox 1072 2148 1105 2192; x_wconf 90' lang='lat' dir='ltr'>se</span> 
     </span>
     <span class='ocr_line' id='line_1_20' title="bbox 95 2232 1105 2317; baseline 0.001 -20"><span class='ocrx_word' id='word_1_133' title='bbox 95 2232 262 2297; x_wconf 89' lang='lat' dir='ltr'>secabunt.</span> <span class='ocrx_word' id='word_1_134' title='bbox 300 2236 418 2317; x_wconf 81' lang='lat' dir='ltr'>secent,</span> <span class='ocrx_word' id='word_1_135' title='bbox 442 2232 548 2315; x_wconf 90' lang='lat' dir='ltr'>sitque</span> <span class='ocrx_word' id='word_1_136' title='bbox 570 2233 750 2297; x_wconf 89' lang='lat' dir='ltr'>communis</span> <span class='ocrx_word' id='word_1_137' title='bbox 770 2255 882 2297; x_wconf 90' lang='lat' dir='ltr'>eorum</span> <span class='ocrx_word' id='word_1_138' title='bbox 902 2233 1003 2298; x_wconf 89' lang='lat' dir='ltr'>sectio</span> <span class='ocrx_word' id='word_1_139' title='bbox 1024 2237 1105 2316; x_wconf 85' lang='lat' dir='ltr'>ZH,</span> 
     </span>
     <span class='ocr_line' id='line_1_21' title="bbox 97 2339 1107 2424; baseline 0.002 -22"><span class='ocrx_word' id='word_1_140' title='bbox 97 2343 131 2402; x_wconf 91' lang='lat' dir='ltr'>et</span> <span class='ocrx_word' id='word_1_141' title='bbox 161 2360 220 2423; x_wconf 93' lang='lat' dir='ltr'>per</span> <span class='ocrx_word' id='word_1_142' title='bbox 252 2344 284 2403; x_wconf 98' lang='lat' dir='ltr'><em>A</em></span> <span class='ocrx_word' id='word_1_143' title='bbox 317 2343 463 2404; x_wconf 84' lang='lat' dir='ltr'>centrum</span> <span class='ocrx_word' id='word_1_144' title='bbox 495 2340 536 2403; x_wconf 89' lang='lat' dir='ltr'>ad</span> <span class='ocrx_word' id='word_1_145' title='bbox 567 2343 639 2403; x_wconf 90' lang='lat' dir='ltr'>ZH</span> <span class='ocrx_word' id='word_1_146' title='bbox 665 2339 939 2424; x_wconf 85' lang='lat' dir='ltr'>perpendicularis</span> <span class='ocrx_word' id='word_1_147' title='bbox 971 2340 1107 2404; x_wconf 89' lang='lat' dir='ltr'>ducatur</span> 
     </span>
     <span class='ocr_line' id='line_1_22' title="bbox 98 2445 1106 2530; baseline -0.002 -20"><span class='ocrx_word' id='word_1_148' title='bbox 98 2450 163 2510; x_wconf 83' lang='grc' dir='ltr'>ΘΑ</span> <span class='ocrx_word' id='word_1_149' title='bbox 169 2449 217 2529; x_wconf 87' lang='grc' dir='ltr'>Η,</span> <span class='ocrx_word' id='word_1_150' title='bbox 258 2467 316 2530; x_wconf 90' lang='lat' dir='ltr'>per</span> <span class='ocrx_word' id='word_1_151' title='bbox 354 2450 421 2510; x_wconf 78' lang='lat' dir='ltr'>uA</span> <span class='ocrx_word' id='word_1_152' title='bbox 462 2449 571 2510; x_wconf 87' lang='lat' dir='ltr'>autem</span> <span class='ocrx_word' id='word_1_153' title='bbox 608 2466 763 2528; x_wconf 86' lang='lat' dir='ltr'>axemque</span> <span class='ocrx_word' id='word_1_154' title='bbox 799 2445 933 2529; x_wconf 90' lang='lat' dir='ltr'>planum</span> <span class='ocrx_word' id='word_1_155' title='bbox 969 2445 1106 2509; x_wconf 89' lang='lat' dir='ltr'>ducatur</span> 
     </span>
     <span class='ocr_line' id='line_1_23' title="bbox 96 2551 1107 2637; baseline -0.001 -21"><span class='ocrx_word' id='word_1_156' title='bbox 96 2552 272 2617; x_wconf 88' lang='lat' dir='ltr'>sectionem</span> <span class='ocrx_word' id='word_1_157' title='bbox 292 2552 434 2616; x_wconf 87' lang='lat' dir='ltr'>efficiens</span> <span class='ocrx_word' id='word_1_158' title='bbox 453 2551 488 2614; x_wconf 91' lang='lat' dir='ltr'>in</span> <span class='ocrx_word' id='word_1_159' title='bbox 507 2552 651 2636; x_wconf 91' lang='lat' dir='ltr'>cylindro</span> <span class='ocrx_word' id='word_1_160' title='bbox 670 2551 1009 2637; x_wconf 84' lang='lat' dir='ltr'>parallelogrammum</span> <span class='ocrx_word' id='word_1_161' title='bbox 1028 2554 1107 2637; x_wconf 84' lang='grc' dir='ltr'>ΘΚ,</span> 
     </span>
     <span class='ocr_line' id='line_1_24' title="bbox 97 2657 1106 2742; baseline 0 -19"><span class='ocrx_word' id='word_1_162' title='bbox 97 2659 131 2722; x_wconf 92' lang='lat' dir='ltr'>in</span> <span class='ocrx_word' id='word_1_163' title='bbox 155 2663 253 2723; x_wconf 82' lang='grc' dir='ltr'>ΓΕΔ</span> <span class='ocrx_word' id='word_1_164' title='bbox 277 2663 386 2722; x_wconf 92' lang='lat' dir='ltr'>autem</span> <span class='ocrx_word' id='word_1_165' title='bbox 409 2657 551 2724; x_wconf 86' lang='lat' dir='ltr'>sectione</span> <span class='ocrx_word' id='word_1_166' title='bbox 575 2663 697 2724; x_wconf 88' lang='lat' dir='ltr'>rectam</span> <span class='ocrx_word' id='word_1_167' title='bbox 719 2661 797 2742; x_wconf 89' lang='grc' dir='ltr'>ΓΔ,</span> <span class='ocrx_word' id='word_1_168' title='bbox 821 2662 854 2722; x_wconf 92' lang='lat' dir='ltr'>et</span> <span class='ocrx_word' id='word_1_169' title='bbox 876 2662 966 2723; x_wconf 92' lang='lat' dir='ltr'>recta</span> <span class='ocrx_word' id='word_1_170' title='bbox 985 2661 1049 2724; x_wconf 91' lang='grc' dir='ltr'>ΓΔ</span> <span class='ocrx_word' id='word_1_171' title='bbox 1070 2659 1106 2723; x_wconf 90' lang='lat' dir='ltr'>in</span> 
     </span>
     <span class='ocr_line' id='line_1_25' title="bbox 99 2765 1105 2849; baseline 0.002 -21"><span class='ocrx_word' id='word_1_172' title='bbox 99 2770 129 2828; x_wconf 91' lang='lat' dir='ltr'><em>A</em></span> <span class='ocrx_word' id='word_1_173' title='bbox 146 2766 181 2828; x_wconf 92' lang='lat' dir='ltr'>in</span> <span class='ocrx_word' id='word_1_174' title='bbox 200 2766 280 2830; x_wconf 88' lang='lat' dir='ltr'>duas</span> <span class='ocrx_word' id='word_1_175' title='bbox 298 2769 408 2848; x_wconf 87' lang='lat' dir='ltr'>partes</span> <span class='ocrx_word' id='word_1_176' title='bbox 430 2765 580 2849; x_wconf 91' lang='lat' dir='ltr'>aequales</span> <span class='ocrx_word' id='word_1_177' title='bbox 604 2771 693 2830; x_wconf 88' lang='lat' dir='ltr'>secta</span> <span class='ocrx_word' id='word_1_178' title='bbox 714 2771 822 2830; x_wconf 89' lang='lat' dir='ltr'>rectae</span> <span class='ocrx_word' id='word_1_179' title='bbox 842 2769 914 2829; x_wconf 88' lang='grc' dir='ltr'>ΖΗ</span> <span class='ocrx_word' id='word_1_180' title='bbox 932 2765 1105 2849; x_wconf 90' lang='lat' dir='ltr'>parallelae</span> 
     </span>
     <span class='ocr_line' id='line_1_26' title="bbox 98 2871 1106 2957; baseline 0.003 -23"><span class='ocrx_word' id='word_1_181' title='bbox 98 2871 254 2937; x_wconf 92' lang='lat' dir='ltr'>ducantur</span> <span class='ocrx_word' id='word_1_182' title='bbox 285 2894 344 2956; x_wconf 92' lang='lat' dir='ltr'>per</span> <span class='ocrx_word' id='word_1_183' title='bbox 371 2876 402 2935; x_wconf 90' lang='lat' dir='ltr'><em>A</em></span> <span class='ocrx_word' id='word_1_184' title='bbox 434 2876 524 2938; x_wconf 91' lang='lat' dir='ltr'>recta</span> <span class='ocrx_word' id='word_1_185' title='bbox 550 2876 673 2954; x_wconf 82' lang='lat' dir='ltr'><em>EAM,</em></span> <span class='ocrx_word' id='word_1_186' title='bbox 705 2896 763 2957; x_wconf 93' lang='lat' dir='ltr'>per</span> <span class='ocrx_word' id='word_1_187' title='bbox 791 2878 823 2936; x_wconf 93' lang='lat' dir='ltr'><em>A</em></span> <span class='ocrx_word' id='word_1_188' title='bbox 850 2876 960 2936; x_wconf 87' lang='lat' dir='ltr'>autem</span> <span class='ocrx_word' id='word_1_189' title='bbox 986 2871 1106 2951; x_wconf 74' lang='grc' dir='ltr'><em>’ΝΑΞ;</em></span> 
     </span>
     <span class='ocr_line' id='line_1_27' title="bbox 98 2977 1109 3063; baseline 0.002 -23"><span class='ocrx_word' id='word_1_190' title='bbox 98 2978 205 3060; x_wconf 88' lang='lat' dir='ltr'>itaque</span> <span class='ocrx_word' id='word_1_191' title='bbox 222 2982 311 3060; x_wconf 87' lang='lat' dir='ltr'>ME,</span> <span class='ocrx_word' id='word_1_192' title='bbox 330 2983 370 3043; x_wconf 95' lang='lat' dir='ltr'><em>N</em></span> <span class='ocrx_word' id='word_1_193' title='bbox 372 2977 402 3051; x_wconf 74' lang='grc' dir='ltr'><strong>Ξ</strong></span> <span class='ocrx_word' id='word_1_194' title='bbox 421 2978 507 3042; x_wconf 89' lang='lat' dir='ltr'>inter</span> <span class='ocrx_word' id='word_1_195' title='bbox 531 3000 564 3042; x_wconf 91' lang='lat' dir='ltr'>se</span> <span class='ocrx_word' id='word_1_196' title='bbox 586 2979 759 3062; x_wconf 88' lang='lat' dir='ltr'>parallelae</span> <span class='ocrx_word' id='word_1_197' title='bbox 779 2983 855 3042; x_wconf 90' lang='lat' dir='ltr'>sunt</span> <span class='ocrx_word' id='word_1_198' title='bbox 874 2978 980 3063; x_wconf 81' lang='lat' dir='ltr'>[Eucl.</span> <span class='ocrx_word' id='word_1_199' title='bbox 994 2978 1051 3063; x_wconf 85' lang='lat' dir='ltr'>XI,</span> <span class='ocrx_word' id='word_1_200' title='bbox 1064 2978 1109 3062; x_wconf 82' lang='lat'>9].</span> 
     </span>
     <span class='ocr_line' id='line_1_28' title="bbox 100 3083 1108 3170; baseline 0.001 -23"><span class='ocrx_word' id='word_1_201' title='bbox 100 3105 155 3168; x_wconf 89' lang='lat' dir='ltr'>per</span> <span class='ocrx_word' id='word_1_202' title='bbox 168 3088 248 3148; x_wconf 88' lang='lat' dir='ltr'>EM</span> <span class='ocrx_word' id='word_1_203' title='bbox 259 3083 363 3170; x_wconf 85' lang='lat' dir='ltr'>igitur</span> <span class='ocrx_word' id='word_1_204' title='bbox 379 3084 514 3169; x_wconf 90' lang='lat' dir='ltr'>planum</span> <span class='ocrx_word' id='word_1_205' title='bbox 528 3084 600 3149; x_wconf 89' lang='lat' dir='ltr'>basi</span> <span class='ocrx_word' id='word_1_206' title='bbox 614 3084 750 3169; x_wconf 89' lang='lat' dir='ltr'>cylindri</span> <span class='ocrx_word' id='word_1_207' title='bbox 764 3085 957 3169; x_wconf 87' lang='lat' dir='ltr'>parallelum</span> <span class='ocrx_word' id='word_1_208' title='bbox 971 3086 1108 3150; x_wconf 89' lang='lat' dir='ltr'>ducatur</span> 
     </span>
     <span class='ocr_line' id='line_1_29' title="bbox 98 3190 1105 3276; baseline 0 -23"><span class='ocrx_word' id='word_1_209' title='bbox 98 3190 131 3253; x_wconf 91' lang='lat' dir='ltr'>in</span> <span class='ocrx_word' id='word_1_210' title='bbox 153 3190 297 3273; x_wconf 91' lang='lat' dir='ltr'>cylindro</span> <span class='ocrx_word' id='word_1_211' title='bbox 322 3191 499 3256; x_wconf 90' lang='lat' dir='ltr'>sectionem</span> <span class='ocrx_word' id='word_1_212' title='bbox 522 3190 665 3256; x_wconf 89' lang='lat' dir='ltr'>efficiens</span> <span class='ocrx_word' id='word_1_213' title='bbox 687 3195 847 3270; x_wconf 79' lang='lat' dir='ltr'><strong><em>OEIIM3</em></strong></span> <span class='ocrx_word' id='word_1_214' title='bbox 869 3191 980 3276; x_wconf 89' lang='lat' dir='ltr'>itaque</span> <span class='ocrx_word' id='word_1_215' title='bbox 1004 3190 1105 3254; x_wconf 88' lang='lat' dir='ltr'>sectio</span> 
     </span>
     <span class='ocr_line' id='line_1_30' title="bbox 102 3295 1105 3383; baseline -0.001 -23"><span class='ocrx_word' id='word_1_216' title='bbox 102 3300 203 3361; x_wconf 88' lang='lat' dir='ltr'><strong><em>OEII</em></strong></span> <span class='ocrx_word' id='word_1_217' title='bbox 221 3297 361 3363; x_wconf 89' lang='lat' dir='ltr'>circulus</span> <span class='ocrx_word' id='word_1_218' title='bbox 384 3302 444 3383; x_wconf 85' lang='lat' dir='ltr'>est,</span> <span class='ocrx_word' id='word_1_219' title='bbox 466 3297 557 3362; x_wconf 90' lang='lat' dir='ltr'>cuius</span> <span class='ocrx_word' id='word_1_220' title='bbox 582 3297 757 3361; x_wconf 88' lang='lat' dir='ltr'>diametrus</span> <span class='ocrx_word' id='word_1_221' title='bbox 780 3301 829 3362; x_wconf 87' lang='lat' dir='ltr'>est</span> <span class='ocrx_word' id='word_1_222' title='bbox 849 3302 921 3363; x_wconf 91' lang='grc' dir='ltr'>ΟΠ</span> <span class='ocrx_word' id='word_1_223' title='bbox 936 3296 1040 3381; x_wconf 91' lang='lat' dir='ltr'>[prop.</span> <span class='ocrx_word' id='word_1_224' title='bbox 1060 3295 1105 3380; x_wconf 84' lang='lat' dir='ltr'>V]</span> 
     </span>
    </p>
   </div>
   <div class='ocr_carea' id='block_1_3' title="bbox 100 3402 1106 3596">
    <p class='ocr_par' dir='ltr' id='par_1_6' title="bbox 100 3402 1106 3596">
     <span class='ocr_line' id='line_1_31' title="bbox 100 3402 1106 3488; baseline 0 -23"><span class='ocrx_word' id='word_1_225' title='bbox 100 3402 132 3466; x_wconf 92' lang='lat' dir='ltr'>in</span> <span class='ocrx_word' id='word_1_226' title='bbox 153 3406 184 3465; x_wconf 91' lang='lat' dir='ltr'><em>A</em></span> <span class='ocrx_word' id='word_1_227' title='bbox 210 3402 245 3465; x_wconf 93' lang='lat' dir='ltr'>in</span> <span class='ocrx_word' id='word_1_228' title='bbox 273 3402 353 3467; x_wconf 88' lang='lat' dir='ltr'>duas</span> <span class='ocrx_word' id='word_1_229' title='bbox 380 3408 489 3488; x_wconf 89' lang='lat' dir='ltr'>partes</span> <span class='ocrx_word' id='word_1_230' title='bbox 518 3402 668 3487; x_wconf 88' lang='lat' dir='ltr'>aequales</span> <span class='ocrx_word' id='word_1_231' title='bbox 697 3407 791 3468; x_wconf 88' lang='lat' dir='ltr'>secta.</span> <span class='ocrx_word' id='word_1_232' title='bbox 838 3402 992 3487; x_wconf 91' lang='lat' dir='ltr'>quoniam</span> <span class='ocrx_word' id='word_1_233' title='bbox 1019 3402 1106 3466; x_wconf 92' lang='lat' dir='ltr'>enim</span> 
     </span>
     <span class='ocr_line' id='line_1_32' title="bbox 100 3508 1105 3596; baseline 0.002 -24"><span class='ocrx_word' id='word_1_234' title='bbox 100 3508 132 3573; x_wconf 92' lang='lat' dir='ltr'>in</span> <span class='ocrx_word' id='word_1_235' title='bbox 156 3508 327 3596; x_wconf 84' lang='lat' dir='ltr'>triangulis</span> <span class='ocrx_word' id='word_1_236' title='bbox 354 3510 514 3574; x_wconf 88' lang='lat' dir='ltr'>similibus</span> <span class='ocrx_word' id='word_1_237' title='bbox 538 3511 652 3591; x_wconf 88' lang='grc' dir='ltr'>ΛΟΓ,</span> <span class='ocrx_word' id='word_1_238' title='bbox 682 3512 712 3572; x_wconf 92' lang='lat' dir='ltr'><em>A</em></span> <span class='ocrx_word' id='word_1_239' title='bbox 718 3513 788 3572; x_wconf 88' lang='lat' dir='ltr'><em>HA</em></span> <span class='ocrx_word' id='word_1_240' title='bbox 811 3511 860 3571; x_wconf 88' lang='lat' dir='ltr'>est</span> <span class='ocrx_word' id='word_1_241' title='bbox 885 3509 949 3571; x_wconf 89' lang='grc' dir='ltr'>ΓΛ</span> <span class='ocrx_word' id='word_1_242' title='bbox 964 3538 1006 3561; x_wconf 94' lang='lat'>=</span> <span class='ocrx_word' id='word_1_243' title='bbox 1022 3513 1105 3592; x_wconf 83' lang='lat' dir='ltr'><em>AA,</em></span> 
     </span>
    </p>
   </div>
   <div class='ocr_carea' id='block_1_4' title="bbox 0 0 1315 3934">
    <p class='ocr_par' dir='ltr' id='par_1_7' title="bbox 0 0 1315 3934">
     <span class='ocr_line' id='line_1_33' title="bbox 0 0 1315 3934; baseline 0 0"><span class='ocrx_word' id='word_1_244' title='bbox 0 0 1315 3934; x_wconf 95' lang='lat' dir='ltr'> </span> 
     </span>
    </p>
   </div>
  </div>
 </body>
</html>
