2516 3922
182 181 247 244 250
494 185 583 236 ΠΕΡΙ
599 185 727 237 mor
745 185 881 241 ΤοΜΗΣ.

247 323 330 409 ἐκεί,
358 325 402 400 ὡς
430 326 466 391 τὸ
495 331 598 391 ΕΑΖ
625 329 707 414 πρὸς
734 329 770 392 τὸ
802 331 919 414 ΓΑΔ,
947 329 1087 411 οὕτωςὴ
1113 331 1167 390 ΒΑ

183 432 265 516 πρὸς
296 436 382 516 ΑΗ,
415 432 460 508 ὡς
491 429 528 497 δέ
560 435 597 498 τὸ
630 439 729 499 ΕΑΖ
760 436 844 520 πρὸς
873 439 984 519 ΓΑΔ,
1016 434 1112 510 οὕτως
1140 433 1168 496 τὸ

183 540 280 602 ΓΑΔ
298 539 380 624 πρὸς
401 542 520 622 ΘΑΚ,
539 539 594 604 καὶ
612 541 649 605 τὸ
668 543 731 626 ἄρα
751 544 850 605 ΓΑΔ
867 542 951 626 πρὸς
971 544 1071 606 ΘΑΚ
1085 540 1169 620 ἐστιν,

182 644 227 721 ὡς
253 645 273 728 ἡ
302 649 368 709 ΒΑ
395 646 479 730 πρὸς
505 650 586 711 ΑΗ.
637 647 682 722 ὡς
710 643 746 711 δὲ
772 648 809 711 τὸ
839 651 938 712 ΓΑΔ
964 649 1044 734 πρὸς
1071 649 1168 726 ΘΑΚ,

148 751 287 827 σοῦτως
315 749 334 833 ἡ
362 756 425 816 ΒΖ
452 753 535 837 πρὸς
562 756 640 836 ΘΚ,
669 751 837 818 τουτέστιν
864 755 885 838 ἡ
910 758 978 820 ΒΚ
1002 755 1079 840 πρὸς
1099 755 1168 816 ΚΗ·

181 855 236 920 καὶ
261 858 304 934 ὡς
327 859 390 938 ἄρα
413 856 519 940 ἡΒΑ
541 860 624 944 πρὸς
642 863 728 943 ΑΗ,
752 859 856 936 οὕτως
878 860 899 943 ἡ
919 864 990 925 ΒΚ
1008 861 1087 945 πρὸς
1102 861 1169 938 ΚΗ,

181 967 239 1028 καί
256 963 344 1029 ἐστιν
363 965 459 1048 ὅμοια
476 966 517 1028 τὰ
535 970 657 1049 ΒΑΗ,
672 969 783 1030 ΒΚΗ
796 969 942 1052 τρίγωνα
960 965 1016 1031 καὶ
1033 966 1169 1050 ὁμόλογοι

182 1071 219 1133 αἱ
239 1075 319 1154 ΑΒ,
343 1073 416 1134 ΒΚ.
454 1076 508 1154 ἴση
532 1073 597 1152 ἄρα
621 1072 725 1156 ἡΑΒ
748 1084 787 1158 τῇ
807 1077 875 1137 ΒΚ
896 1072 931 1137 ἐκ
953 1083 1013 1138 τοῦ
1036 1071 1169 1156 κέντρου·

182 1175 199 1239 ὃ
222 1175 390 1260 προέκειτο
414 1174 526 1253 δεῖξαι.

130 1300 162 1350 10
247 1280 313 1345 Καὶ
337 1283 579 1366 συναπεδείχθνρ
602 1283 681 1349 καθ’
703 1283 859 1370 ἑκατέροιν
881 1296 948 1350 τῶν
972 1284 1109 1368 δείξεων,
1130 1283 1170 1347 ὅτι

180 1389 216 1452 τὸ
239 1393 306 1453 ΕΑ
314 1394 341 1452 Ζ
362 1392 526 1474 τρίγωνον
549 1399 594 1478 τῷ
620 1395 725 1455 ΘΑΚ
745 1392 861 1476 ὅμοιόν
884 1391 986 1457 ἐστιν·
1015 1385 1060 1468 ὣς
1079 1387 1169 1475 γὰρὴ

180 1499 244 1558 ΕΖ
270 1497 353 1584 πρὸς
383 1500 461 1579 ΘΚ,
490 1496 595 1573 οὕτως
622 1496 641 1580 ἡ
669 1501 736 1562 ΒΑ
762 1499 845 1583 πρὸς
867 1503 948 1563 ΑΗ.
994 1497 1049 1563 καὶ
1075 1500 1118 1562 ἔτι
1141 1495 1170 1558 τὸ

180 1597 240 1685 μέν
263 1607 329 1668 ΕΑ
336 1607 363 1667 Ζ
384 1604 467 1689 πρὸς
489 1604 526 1668 τὸ
551 1607 655 1668 ΘΑΚ
675 1604 872 1669 διπλασίονα
895 1607 997 1687 λόγον
1020 1609 1082 1689 ἔχει
1103 1605 1170 1686 ἤπερ

179 1709 216 1772 τὸ
241 1712 341 1775 ΓΑΔ
363 1711 446 1795 πρὸς
468 1710 504 1774 τὸ
527 1713 636 1774 ΘΑΚ.
677 1713 735 1774 καί
756 1709 824 1775 έστι
847 1711 884 1775 τὸ
904 1714 1003 1775 ΓΑΔ
1025 1714 1171 1797 τρίγωνον

130 1833 162 1881 15
180 1817 262 1900 πρὸς
297 1817 334 1880 τὸ
369 1820 485 1900 ΘΑΚ,
522 1817 566 1892 ὡς
602 1815 622 1899 ἡ
655 1820 734 1901 ΓΔ,
770 1814 940 1881 τουτέστιν
978 1818 1022 1894 ὣς
1057 1816 1077 1900 ἡ
1107 1817 1171 1894 ΕΖ,

178 1923 261 2004 πρὸς
286 1925 364 1986 ΘΚ·
392 1923 474 1987 ὥστε
501 1923 537 1987 τὸ
561 1928 662 1988 ΕΑΖ
689 1924 771 2008 πρὸς
798 1925 836 1988 τὸ
861 1927 967 1988 ΘΑΚ
974 1917 1171 1988 ’διπλασίονα

179 2030 279 2108 λόγον
316 2030 380 2110 ἔχει
415 2039 483 2093 τῶν
515 2029 687 2113 ὁμολόγων
717 2035 871 2115 πλευρῶν
903 2041 969 2095 τῶν
1001 2034 1078 2112 ΒΖ,
1111 2027 1171 2092 ΘΚ.

181 2134 277 2217 ὅμοια
299 2135 363 2219 ἄρα
386 2136 426 2198 τὰ
448 2140 564 2219 ΕΑΖ,
594 2140 705 2201 ΘΑΚ.
751 2137 834 2200 ὥστε
858 2139 1020 2221 φανερόν,
1044 2137 1105 2219 ὅτι,
1126 2132 1171 2197 ἐὰν

179 2241 289 2305 κώνου
321 2246 487 2323 σκαληνοῦ
521 2241 538 2306 ὁ
570 2240 657 2320 ἄξιον
686 2248 756 2318 ἴσος
783 2237 804 2327 ᾖ
831 2251 870 2327 τῇ
899 2241 934 2306 έκ
960 2251 1021 2306 τοῦ
1048 2241 1171 2325 κέντρου

127 2364 161 2413 20
180 2357 237 2432 τῆς
259 2348 395 2432 βάσεως,
418 2349 454 2412 τὸ
478 2349 561 2434 πρὸς
583 2347 690 2433 ὀρθὰς
712 2359 751 2434 τῇ
774 2349 868 2433 βάσει
891 2346 1055 2424 ἰσοσκελὲς
1073 2347 1171 2432 ὅμοιόν

180 2453 248 2519 ἐστι
274 2465 319 2543 τῷ
347 2456 403 2520 διὰ
430 2464 489 2520 τοῦ
517 2453 634 2533 ἄξονος
662 2458 833 2520 ίσοσκελεϊ·
864 2454 919 2520 καὶ
948 2455 1171 2541 ἀντιστρόφως,

179 2561 239 2643 ὅτι,
268 2561 326 2626 ε’ὀιν
353 2563 390 2626 τὸ
417 2563 500 2646 πρὸς
526 2562 633 2647 ὀρθὰς
660 2571 699 2646 τῇ
722 2562 817 2646 βάσει
841 2558 1005 2638 ἰσοσκελές
1028 2547 1171 2646 ὅμοιονῇ

178 2676 223 2753 τῷ
248 2667 303 2731 διὰ
326 2677 386 2732 τοῦ
410 2666 526 2745 ἄξονος
550 2670 723 2751 ἰσοσκελεῖ,
746 2669 764 2734 ὁ
788 2667 876 2746 ἄξων
899 2678 959 2732 τοῦ
982 2670 1091 2734 κώνου
1114 2672 1172 2737 ἴσος

178 2774 267 2836 ἔσται
295 2783 333 2857 τῇ
362 2771 397 2836 έκ
424 2783 484 2837 τοῦ
511 2773 650 2860 κέντρου
678 2784 735 2859 τῆς
757 2775 896 2858 βάσεως·
923 2773 979 2839 καὶ
1002 2784 1098 2840 τοῦτο
1119 2770 1170 2855 γὰρ

126 2895 160 2944 25
179 2878 419 2962 εὐκατανόητον
442 2879 477 2944 ἐκ
500 2892 567 2945 τῶν
589 2881 652 2964 ἤδη
677 2880 886 2965 δειχθέντων.

249 3115 273 3164 1.
298 3106 374 3181 ἐπεί]
400 3108 460 3163 ἐπεὶ
479 3107 531 3180 γάρ
554 3128 581 3179 p.
673 3115 696 3163 2.
722 3108 791 3177 πρός
807 3108 894 3180 (alt.)]
918 3109 989 3177 πρὸς
1006 3108 1037 3162 τό
1061 3127 1086 3178 p.
1151 3106 1170 3152 3·

181 3181 460 3252 matrumquen
488 3181 519 3235 τὸ
540 3183 625 3235 ΘΑΚ
649 3198 676 3249 p.
767 3179 823 3249 ἄρα
848 3181 945 3250 ΓΑΔ]
975 3183 1056 3235 ΓΑΔ
1074 3178 1125 3246 ἄρα
1149 3189 1170 3240 Ρ·

214 3257 238 3305 4.
260 3253 351 3322 ΓΑΔ]
370 3267 385 3304 ε
401 3267 468 3305 corr.
486 3269 513 3320 p.
571 3252 671 3321 ΘΑΚ]
690 3269 716 3319 v,
734 3251 765 3305 τὸ
782 3253 867 3307 ΘΑΚ
883 3268 910 3319 p,
930 3255 1016 3305 ΔΑΚ
1030 3268 1056 3318 ο;
1077 3252 1170 3304 Boon.

179 3337 214 3373 ex
232 3327 257 3375 Δ
275 3340 310 3375 m.
332 3328 345 3374 1
365 3322 399 3388 V,
427 3326 455 3374 Κ
471 3337 566 3388 εοεαε,
594 3339 649 3388 mg.
670 3327 688 3388 †
710 3324 795 3376 ΘΑΚ
814 3353 844 3361 -
863 3339 899 3376 m.
919 3337 973 3375 rec.
1047 3328 1071 3376 8.
1090 3319 1129 3388 ἐκ]
1144 3320 1171 3382 τῇ

179 3389 209 3445 ἐκ
227 3409 254 3460 p.
345 3397 369 3445 9.
394 3388 571 3459 ὃτιροέκειτο
591 3391 691 3461 δεῖξαι]
715 3407 769 3444 om.
788 3410 814 3460 p.
909 3397 950 3447 10.
973 3390 1105 3460 ἑκατέραν
1133 3393 1170 3448 09,

180 3457 276 3527 ἑτέραν
294 3462 350 3528 Vp.
429 3466 470 3513 11.
489 3462 625 3527 τρίγωνον
646 3490 677 3499 -
699 3467 739 3514 12.
761 3463 829 3583 ΕΖ]
845 3461 889 3515 bis
909 3479 931 3517 c.
1011 3469 1052 3518 12.
1073 3461 1110 3516 ἔτι
1137 3455 1171 3511 ὅτι

178 3526 283 3598 chp,
303 3547 370 3584 corr.
386 3529 494 3595 Halley.
561 3534 601 3580 13.
621 3525 684 3598 μέν]
703 3529 766 3583 fort.
783 3531 817 3584 de
830 3532 941 3587 endum.
1005 3533 1094 3604 EAZ]
1113 3543 1171 3594 vop,
