2574 3934
497 881 778 955 PRAEFATIO.

625 1056 649 1120 I.

195 1182 340 1268 Codices,
359 1182 477 1265 quibus
495 1182 527 1245 in
545 1181 606 1246 hac
625 1181 766 1245 editione
786 1203 863 1246 usus
879 1204 960 1267 sum,
977 1182 1029 1247 his
1048 1183 1140 1270 siglis

122 1291 258 1356 notaui:

122 1415 156 1481 V
177 1453 223 1461 —-
246 1414 313 1479 cod.
332 1411 513 1477 Uaticanus
538 1434 672 1499 graecus
695 1413 775 1497 206,
798 1413 946 1498 bombyc.
972 1435 1051 1479 saec.
1076 1414 1141 1479 XII

174 1519 313 1605 —XHI3
331 1543 361 1583 u.
377 1520 424 1584 ed.
440 1518 605 1602 Apollonii
619 1519 636 1584 I
655 1543 685 1604 p.
699 1517 753 1584 IV.
781 1519 882 1584 habet
895 1520 951 1584 fol.
966 1522 1139 1586 161-193

173 1626 331 1693 Serenum
365 1627 404 1691 de
438 1625 580 1690 sectione
614 1627 764 1712 cylindri,
801 1625 856 1690 fol.
887 1627 1068 1690 194-239
1102 1629 1139 1692 de

173 1734 317 1799 sectione
351 1733 433 1799 coni.
489 1737 653 1798 correctus
685 1737 736 1798 est
769 1737 811 1796 et
830 1754 927 1796 manu
954 1735 971 1798 1
1006 1737 1039 1796 et
1065 1755 1139 1798 raro

173 1863 272 1904 manu
305 1840 472 1924 aliquanto
505 1840 683 1905 recentiore
716 1836 771 1926 (m.
796 1836 845 1926 2);
876 1843 1043 1923 praeterea
1076 1840 1140 1904 alia

173 1969 289 2012 manus
320 1946 420 2011 etiam
453 1947 614 2012 recentior
641 1944 696 2034 (m.
721 1943 756 2033 3)
784 1949 909 2030 partem
939 1945 1138 2030 superiorem

170 2053 243 2118 folii
257 2055 321 2119 237
341 2058 375 2117 et
387 2053 467 2118 folia
481 2054 655 2118 238-239
676 2053 840 2138 strppleuit
855 2050 898 2139 (p.
910 2055 984 2137 276,
1001 2054 1140 2138 14-18,

170 2185 201 2246 p.
213 2161 287 2244 278,
298 2161 379 2224 12-
388 2160 438 2246 15,
452 2183 482 2244 p.
492 2159 567 2244 280,
578 2159 597 2224 9
607 2198 644 2207 -
653 2160 727 2243 302,
736 2157 786 2246 4),
805 2160 941 2243 denique
951 2158 1138 2224 Matthaeus

169 2266 330 2330 Denarius
354 2265 398 2352 (u.
420 2267 467 2330 ed.
491 2265 641 2351 Apollon.
661 2265 693 2330 Π
715 2289 744 2350 p.
763 2263 857 2352 XVI)
885 2266 1041 2330 nonnulla
1068 2288 1138 2331 cor-

169 2372 264 2458 rexit,
287 2372 380 2456 plure
403 2373 575 2456 adscripsit
597 2372 632 2436 in
651 2372 796 2458 margine
819 2370 875 2459 (m.
889 2368 974 2458 rec).
1014 2372 1138 2437 contuli

170 2478 294 2544 Romae
320 2481 415 2545 1894.

122 2609 145 2652 v
167 2623 212 2632 -
236 2586 304 2650 cod.
323 2583 501 2650 Uaticanus
526 2605 661 2670 graecus
681 2586 755 2669 203,
777 2585 925 2668 bombyc.
946 2605 1028 2648 saec.
1047 2582 1139 2668 XHI3

173 2714 203 2755 u.
222 2692 269 2756 ed.
289 2691 441 2776 Apollon.
460 2691 477 2755 I
499 2714 529 2775 p.
549 2690 588 2754 V.
628 2690 728 2755 habet
750 2691 805 2755 fol.
826 2690 957 2757 84-00
982 2688 1138 2755 Serenum

170 2797 209 2861 de
232 2798 374 2863 sectione
394 2796 530 2881 cylindri
555 2797 623 2861 sine
641 2796 738 2861 titulo
758 2794 915 2883 (σερήνου
933 2801 1048 2881 postea
1067 2798 1136 2861 add.

169 2903 204 2966 in
227 2923 289 2988 mg.
295 2954 304 2988 ,
332 2903 367 2966 in
389 2904 453 2967 fine
477 2903 621 2987 σερήνου
644 2900 824 2979 ἀντισσέως
847 2906 1038 2986 φιλοσόφου
1061 2901 1137 2988 περὶ

168 3010 352 3095 κυλίνδρου
370 3006 495 3095 τομῆς),
518 3009 573 3074 fol.
593 3010 724 3075 90-98
747 3010 786 3073 de
810 3009 952 3073 sectione
976 3010 1048 3074 coni
1068 3010 1136 3074 sine

167 3116 275 3202 titulo,
298 3117 407 3180 omnia
429 3138 531 3200 usque
555 3117 596 3180 ad
618 3141 649 3201 p.
669 3118 742 3200 300,
762 3117 805 3182 20
829 3115 939 3179 eadem
958 3138 1055 3180 manu
1076 3114 1137 3180 ele-

168 3223 261 3308 ganti
293 3226 327 3286 et
359 3223 511 3287 adcurate
544 3223 677 3307 scripta,
715 3244 779 3306 qua
812 3218 932 3286 Oonica
960 3220 1139 3306 Apollonii,

167 3353 197 3414 p.
215 3330 289 3413 300,
309 3329 352 3394 20
362 3351 431 3412 sqq.
454 3351 532 3393 nero
556 3350 654 3393 manu
676 3328 863 3414 neglegenti
886 3328 1030 3392 eiusdem
1054 3331 1135 3392 tem-

166 3435 267 3522 poris,
286 3435 690 3519 quaeeedemfol.1—55
710 3435 840 3518 scripsit
860 3432 929 3520 (cfr.
941 3433 1136 3517 ApollonlI
1157 3480 1161 3486 ·

166 3567 197 3627 p.
221 3539 292 3629 XI).
338 3541 519 3625 descriptus
543 3545 593 3605 est
616 3563 633 3605 e
656 3540 687 3603 V
711 3537 755 3624 (u.
779 3537 929 3622 Apollon.
953 3537 985 3603 H
1007 3562 1038 3623 p.
1059 3539 1137 3624 XV3

941 3658 959 3694 Ι,
