2574 3934
329 870 455 945 ΠΕΡΙ
480 865 784 943 ΚΤΛΙΝΔΡΟΤ
809 865 1004 942 ΤΟΜΗΣ.

229 1047 383 1120 Πολλοὺς
406 1043 504 1128 ὁρῶν,
528 1038 554 1106 ὦ
573 1045 650 1125 φίλε
668 1044 769 1127 Κῦρε,
792 1051 859 1105 τῶν
876 1037 952 1125 περὶ
970 1044 1185 1126 γεωμετρίαν

163 1147 460 1236 ἀναστρεφομένων
480 1144 652 1232 οἰομένους
669 1148 731 1231 τὴν
749 1155 809 1211 τοῦ
827 1148 1010 1233 κυλίνδρου
1028 1151 1183 1230 πλαγίαν

165 1259 270 1342 τομην
297 1254 411 1342 ἑτέραν
438 1250 522 1321 εἶναι
549 1263 607 1339 τῆς
634 1263 694 1319 τοῦ
717 1255 827 1319 κώνου
850 1263 951 1339 τομῆς
973 1263 1031 1338 της
1053 1258 1179 1319 καλου-

129 1379 146 1427 5
165 1362 265 1449 μένης
291 1363 462 1441 ἐλλείψεως
488 1361 663 1426 ἐδικαίωσα
683 1363 727 1445 μὴ
751 1369 869 1446 χρῆναι
891 1370 1051 1447 περιορᾶν
1074 1360 1178 1443 ἀγνο-

164 1480 285 1547 οῦντας
312 1470 434 1546 αὐτούς
459 1492 495 1534 τε
521 1465 577 1532 καὶ
600 1469 678 1544 τοὺς
699 1465 757 1532 ὑπ’
783 1467 894 1533 αὐτῶν
922 1468 1008 1533 οὕτω
1032 1478 1177 1553 φρονεῖν

163 1575 475 1662 ἀναπεπεισμένους·
499 1578 606 1640 καίτοι
625 1571 750 1652 δόξειεν
769 1572 811 1638 ἀν
829 1572 928 1639 παντὶ
946 1576 1068 1657 ἀλογον
1087 1569 1174 1638 εἶναι

162 1684 346 1770 γεωμέτρας
381 1708 418 1767 γε
455 1684 552 1759 ὄντας
583 1679 659 1767 περὶ
691 1689 910 1767 γεωμετρικοῦ
941 1682 1175 1766 προβλήματος

162 1793 242 1856 ἀνευ
274 1789 470 1868 ἀποδείξεως
502 1788 751 1872 ἀποφαίνεσθαί
780 1811 811 1852 τι
843 1785 898 1852 καὶ
933 1792 1174 1869 πιθανολογεῖν

110 1911 144 1960 10
163 1897 305 1981 ἀτεχνῶς
351 1896 526 1982 ἀλλότριον
571 1897 769 1981 γεωμετρίας
809 1903 942 1979 πρᾶγμα
982 1902 1173 1970 ποιοῦντας.

162 2005 249 2089 ὅμως
272 2002 306 2067 δ’
332 1998 404 2085 οὖν,
428 2001 557 2087 ἐπείπερ
582 2001 687 2078 οῦτως
709 2000 941 2085 ὑπειλήφασιν,
963 1999 1056 2085 ἡμεῖς
1075 1997 1111 2064 δὲ
1130 2002 1173 2064 οὐ

161 2112 410 2195 συμφερόμεθα,
433 2106 513 2194 φέρε
530 2119 754 2193 γεωμετρικῶς
773 2105 1004 2191 ἀποδείξωμεν,
1023 2108 1073 2172 ὅτι
1091 2110 1174 2192 μίαν

160 2213 215 2280 καὶ
243 2217 303 2300 τὴν
331 2215 435 2298 αὐτὴν
462 2213 533 2278 κατ’
562 2209 651 2290 εἶδος
678 2214 804 2296 ἀνάγκη
828 2217 981 2295 γίνεσθαι
1005 2213 1042 2279 ἐν
1065 2213 1173 2297 ἀμφο-

160 2320 268 2408 τέροις
299 2332 368 2397 τοῖς
399 2322 540 2416 σχήμασι
572 2321 690 2404 τομήν,
721 2328 766 2406 τῷ
797 2321 893 2407 κώνφ
926 2317 1009 2402 λέγω
1042 2319 1097 2385 καὶ
1124 2330 1172 2407 τῷ

107 2443 141 2491 15
160 2430 339 2516 κυλίνδρῳ,
362 2428 500 2492 τοιώσδε
518 2423 629 2510 μέντοι
649 2424 720 2489 ἀλλ’
742 2425 802 2508 οὐχ
821 2425 932 2501 ἁπλῶς
949 2425 1172 2510 τεμνομένοις.

227 2537 334 2621 ώσπερ
371 2531 408 2599 δὲ
445 2536 480 2598 οί
513 2533 552 2597 τά
588 2533 713 2597 κωνικδι
743 2531 1070 2617 πραγματευσάμενοι
1103 2543 1172 2597 τῶν

159 2646 310 2706 παλαιῶν
333 2641 393 2705 οὐκ
415 2639 628 2727 ἠρκέσθησαν
651 2649 689 2725 τῇ
712 2647 807 2724 κοινῇ
831 2638 943 2726 ἐννοίᾳ
965 2647 1025 2704 τοῦ
1048 2639 1172 2721 κώνου,

160 2748 211 2812 ὅτι
238 2747 403 2832 τριγώνου
430 2744 699 2832 περιενεχθέντος
726 2745 938 2831 ὀρθογωνίου
968 2748 1171 2828 συνίσταιτο,

159 2856 393 2940 περισσότερον
426 2850 462 2918 δὲ
493 2851 547 2917 καὶ
579 2854 846 2937 καθολικώτερον
874 2851 1170 2936 ἐφιλοτεχνησαντο

105 2974 141 3024 20
160 2961 203 3045 μὴ
226 2962 331 3044 μόνον
353 2960 489 3046 ὀρθούς,
513 2957 673 3025 ἀλλὰκαὶ
696 2961 881 3043 σκαληνοὺς
905 2958 1171 3042 ὑποστησάμενοι

158 3069 302 3149 κώνους,
332 3066 418 3130 οῦτω
449 3066 510 3151 χρὴ
541 3063 595 3130 καὶ
624 3065 722 3149 ἡμᾶς,
755 3064 865 3147 ἐπειδη
895 3067 1064 3150 πρόκειται
1093 3062 1170 3150 περὶ

158 3173 341 3259 κυλίνδρου
368 3181 469 3257 τομῆς
497 3170 751 3255 ἐπισκέψασθαι,
778 3173 822 3256 μὴ
850 3172 913 3260 τὸνῚ
934 3171 1042 3257 ὀρθὸν
1064 3173 1170 3255 μόνον

159 3281 384 3367 ἀφορίσαντας
407 3277 458 3344 ἐπ’
479 3279 582 3344 αὐτοῦ
599 3285 770 3344 ποιεῖσθαι
788 3279 849 3362 τὴν
867 3276 994 3360 σκέψιν,
1013 3275 1096 3341 ἀλλά
1114 3275 1169 3341 καὶ

238 3478 260 3526 1.
291 3472 397 3544 ΠΕΡΙ]
426 3470 553 3539 Σερήυον
576 3468 640 3538 περί
662 3470 747 3538 va.
839 3472 932 3524 ΠΕΡΙ
952 3500 988 3508 -
1014 3469 1168 3540 ΤΟΜΗΣ]

160 3559 212 3596 τοι.
233 3559 256 3598 ο.
315 3549 339 3597 2.
361 3542 497 3613 Πολλούς]
517 3541 612 3603 ολλοῦς
630 3557 653 3594 c.
716 3545 740 3594 6.
759 3542 800 3612 τε]
820 3557 871 3594 om.
890 3558 917 3608 p.
974 3546 1015 3594 11.
1036 3538 1120 3610 ὅμως]
1139 3557 1167 3608 p,
