2592 3932
203 212 268 274 246
512 213 599 262 ΠΕΡΙ
616 211 744 264 ΚΩΝΟΤ
762 213 898 263 ΤΟΜΗΣ.

202 368 271 431 τοῖς
294 355 357 420 ἀπὸ
381 359 466 439 AA,
490 359 553 419 AB
579 361 643 437 ἴσοι,
667 349 714 419 ὧν
737 356 773 419 τὸ
797 354 860 420 ἀπὸ
885 357 967 418 ΑΜ
984 363 1028 441 τῷ
1052 351 1121 416 ἀπὸ
1146 355 1210 415 ΑΛ

203 469 288 528 ἴσον·
313 463 429 527 λοιπὸν
452 464 515 548 ἄρα
538 462 575 526 τὸ
599 461 661 526 άπὸ
681 466 752 526 ΜΒ
776 471 821 550 τῷ
847 461 910 526 ἀπὸ
931 464 997 524 ΒΛ
1018 456 1076 524 καὶ
1100 459 1122 542 ἡ
1141 461 1209 522 ΜΒ

202 569 317 635 εὐθεῖά
340 578 379 655 τῇ
403 572 481 633 BA·
505 566 665 632 ὥστεκαὶ
688 569 747 652 ὅλη
770 567 790 651 ἡ
814 572 859 632 Μ
861 572 889 632 Θ
912 576 950 652 τῇ
976 570 1048 630 ΛΖ.
1099 571 1155 648 ἴση
1178 561 1210 628 δὲ

202 673 257 739 κοιὶ
285 674 305 757 ἡ
329 679 405 739 MA
432 685 471 760 τῇ
494 678 575 739 ΑΑ·
604 672 658 738 καὶ
686 674 725 739 τά
749 672 804 739 ἄνι’
830 674 942 738 αὐτῶν
964 675 1029 760 ἄρα
1053 679 1111 738 ἴσοι
1136 671 1209 754 ἐστί,
1264 725 1265 740 .

166 780 352 847 5wvvs'6u
374 783 412 846 τὸ
436 780 499 845 άιιὸ
523 786 588 845 AZ
612 790 656 868 τῷ
681 781 744 846 άπὸ
768 786 850 864 ΑΘ,
872 777 929 844 καὶ
950 778 971 862 ἡ
995 785 1062 845 ΑΖ
1087 790 1129 866 τῇ
1147 782 1209 843 ΑΘ

202 893 264 971 ἴση.
302 888 422 972 ὁμοίως
441 884 478 952 δὲ
496 885 550 951 καὶ
569 886 589 970 ἡ
605 892 637 951 Α
644 890 679 951 Κ
694 896 732 972 τῇ
747 891 824 952 ΑΗ
837 888 1006 952 δείκνυται
1027 892 1093 970 ἴση.
1133 885 1209 950 ἄλλά

200 992 255 1058 καὶ
282 996 319 1058 αἱ
346 998 427 1078 ΖΗ,
457 996 525 1057 ΘΚ
548 994 660 1078 βάσεις
688 999 770 1058 ἴσαι·
798 995 837 1058 τά
864 995 928 1080 ἄρα
960 997 1081 1076 ΖΑΗ,
1113 995 1210 1058 ΘΑΚ

200 1104 345 1187 τρίγωνα
370 1107 424 1165 ἴσοι
446 1124 480 1165 τε
503 1098 558 1164 καὶ
582 1100 679 1184 ὅμοιά
702 1099 792 1166 ἐστιν
814 1099 976 1182 ἀλλήλοις.

267 1209 370 1291 δῆλον
393 1204 429 1271 δὲ
451 1204 506 1272 καὶ
529 1208 565 1272 τὸ
589 1207 812 1294 ἀντίστροφον
835 1207 948 1271 αὐτοῦ.

149 1413 182 1462 10
682 1401 724 1466 ν’.

264 1523 339 1590 Ἐάν
370 1527 480 1590 κώνου
513 1530 679 1608 σκαληνοῦ
712 1525 729 1591 ὁ
758 1523 845 1603 ἄξων
874 1531 943 1601 ἴσος
970 1519 992 1612 ᾖ
1019 1537 1060 1612 τῇ
1090 1524 1126 1590 ἐκ
1152 1531 1205 1588 τοῦ

199 1630 337 1718 κέντρον
364 1641 421 1715 τῆς
448 1632 587 1716 βάσεως,
616 1636 720 1716 ἔσται,
749 1633 793 1708 ὡς
820 1633 857 1698 τὸ
869 1630 1040 1716 ,μέγιστον
1064 1643 1133 1696 τῶν
1155 1630 1204 1694 διὰ

199 1748 259 1803 τοῦ
291 1738 408 1817 ἄξονος
439 1739 612 1824 τριγῴνων
644 1740 727 1824 πρὸς
754 1740 791 1803 τὸ
820 1737 1006 1822 ἐλάχιστον,
1039 1738 1147 1815 οὕτως
1171 1736 1202 1799 τὸ

200 1845 372 1929 ἐλάχιστον
394 1847 476 1932 πρὸς
499 1847 535 1910 τὸ
558 1846 641 1930 πρὸς
665 1845 771 1931 ὀρθάς
793 1854 832 1930 τῇ
855 1843 950 1929 βάσει
974 1843 1150 1921 ἰσοσκελές.

147 1963 180 2012 15
266 1954 348 2016 ἔστω
371 1965 477 2029 κῶνος
500 1955 672 2036 σκαληνός,
697 1947 737 2017 οὗ
760 1952 891 2037 κορυφὴ
911 1948 972 2036 μὲν
993 1953 1031 2017 τὸ
1057 1959 1099 2037 A,
1124 1949 1202 2028 ἄξων

200 2055 237 2122 δὲ
269 2057 289 2140 ἡ
318 2063 385 2123 ΑΒ
418 2059 533 2123 εὐθεῖα
566 2064 620 2141 ἴση
653 2053 737 2123 οὖσα
768 2068 807 2143 τῇ
836 2057 870 2122 ἐκ
897 2067 957 2122 τοῦ
984 2056 1126 2145 κέντρον
1153 2065 1203 2139 τῆς
1267 2101 1268 2146 1

199 2162 336 2248 βάσεως,
359 2163 455 2247 βάσις
473 2161 511 2228 δὲ
529 2164 547 2229 ὁ
566 2162 641 2250 περὶ
660 2166 697 2228 τὸ
717 2168 745 2228 Β
763 2162 902 2249 κέντρον
919 2165 1051 2248 κύκλος,
1070 2163 1202 2230 καὶτῶν

200 2272 255 2336 διά
278 2279 338 2335 τοῦ
362 2269 479 2348 ἄξονος
500 2268 673 2356 τριγώνων
696 2272 732 2336 τὸ
751 2266 812 2355 μὲν
830 2271 913 2355 πρὸς
931 2270 1038 2356 ὀρθάς
1056 2282 1097 2357 τῇ
1116 2267 1202 2354 βάσει

200 2381 281 2444 ἔστω
310 2380 346 2443 τὸ
376 2381 495 2462 ΓΑΔ,
526 2378 563 2442 τὸ
592 2374 628 2441 δὲ
657 2373 822 2453 ἰσοσκελὲς
848 2377 884 2441 τὸ
912 2381 1026 2441 ΕΑΖ·
1054 2375 1201 2461 μέγιστον

146 2496 181 2546 20
199 2481 260 2569 μὲν
283 2488 347 2572 ἄρα
371 2483 440 2550 ἐστὶ
463 2495 530 2550 τῶν
553 2484 609 2548 διὰ
627 2492 686 2548 τοῦ
706 2481 823 2561 ἄξονος
841 2484 877 2548 τὸ
896 2487 1012 2565 ΕΑΖ,
1037 2482 1201 2568 ἐλάχιστον

199 2588 236 2655 δὲ
263 2593 300 2656 τὸ
325 2594 441 2676 ΓΑΔ,
470 2592 526 2655 διὰ
553 2591 593 2654 τά
615 2581 778 2676 πρότερον
801 2587 983 2674 δειχθέντα.
1028 2590 1124 2673 ἤχθω
1146 2581 1200 2652 οὖν

200 2696 263 2761 άπὸ
286 2706 345 2761 τοῦ
365 2703 397 2761 Α
419 2695 471 2761 ἐπὶ
494 2698 555 2780 τὴν
577 2697 676 2780 βάσιν
698 2695 850 2773 κάθετος·
873 2699 983 2761 πίπτει
1006 2697 1047 2780 δὴ
1073 2693 1125 2762 ἐπὶ
1146 2695 1199 2776 τὴν

201 2805 261 2866 ΓΑ
284 2801 468 2888 διάμετρον.
509 2805 590 2867 ἔστω
614 2799 676 2868 οὖν
695 2801 714 2885 ἡ
734 2806 815 2887 ΑΗ,
838 2801 894 2867 καὶ
912 2804 1041 2887 διήχθω
1061 2803 1081 2887 ἡ
1103 2800 1201 2868 ΘΗΚ

199 2909 282 2994 πρὸς
314 2908 420 2996 ὀρθάς
451 2919 490 2996 τῇ
520 2913 595 2993 ΓΑ,
626 2907 682 2974 καὶ
715 2910 960 2994 διεκβεβλήσθω
988 2911 1025 2975 τὸ
1054 2908 1198 2975 ἐπίπεδον

272 3074 295 3122 1.
316 3064 374 3138 άσιι]
394 3065 441 3121 ἄτα
460 3064 535 3123 ἐστίν
553 3085 580 3136 p.
652 3068 729 3139 Αοη
747 3075 803 3122 τῶν
821 3070 887 3120 AM
900 3084 926 3135 p.
1009 3072 1033 3120 2.
1054 3065 1126 3137 ἴσον]
1143 3061 1197 3115 ἴσον

200 3137 257 3192 ἐστί
274 3156 301 3208 p.
357 3140 420 3210 BA]
440 3144 491 3192 BA
510 3137 571 3194 ἴσον
590 3135 646 3192 ἐστί
663 3156 690 3206 p.
747 3143 770 3192 7.
790 3135 859 3262 ἄσαρ]
880 3135 937 3190 ἄσαι
956 3133 1009 3191 εἰσί
1026 3155 1052 3207 p.
1107 3142 1130 3190 8.
1147 3127 1196 3198 τρί-

200 3209 288 3280 γωνα]
303 3226 373 3278 vop,
393 3231 425 3264 -α
440 3225 508 3264 corr.
520 3225 583 3263 exo
602 3207 632 3261 in
650 3208 732 3262 scrib.
747 3209 780 3262 V.
852 3210 930 3280 μοια]
945 3225 1015 3277 vop,
1036 3206 1065 3262 ὅ·
1079 3223 1153 3261 euan.
1167 3199 1195 3252 V·

237 3287 260 3334 9.
281 3281 380 3353 αὐτοῦ]
400 3298 427 3350 ο,
451 3297 540 3350 comp.
555 3279 616 3349 Vv,
636 3297 689 3334 om.
708 3297 736 3348 p.
809 3280 1108 3351 19.EAZ]AEZp.
1159 3276 1194 3326 20.

201 3348 263 3423 μέν]
282 3368 353 3421 vop,
373 3369 461 3422 comp.
481 3368 566 3422 supra
585 3368 636 3405 scr.
650 3367 686 3404 m.
703 3357 717 3404 1
737 3349 770 3405 V.
831 3357 871 3406 21.
892 3350 1028 3419 πρότερον
1047 3341 1195 3421 δειχθέντα]

200 3420 407 3493 προδειχθέντα
425 3441 451 3492 p.
534 3428 575 3476 22.
595 3421 647 3493 δή]
667 3419 700 3477 δέ
716 3440 743 3491 p.
824 3427 868 3477 23.
889 3423 953 3496 ΓΔ]
972 3439 1047 3492 vop,
1077 3412 1195 3486 Psuppl.

201 3507 237 3543 m.
251 3509 305 3546 rec.
315 3493 348 3548 V.
403 3493 518 3566 ἡ(ο1ι.)]
537 3510 612 3562 vcp,
632 3492 722 3563 suppl.
741 3510 777 3547 m.
792 3508 846 3548 rec.
857 3493 890 3548 V.
956 3495 1060 3565 ΘΗΚ]
1080 3496 1108 3548 Η
1123 3500 1196 3556 supra

201 3575 252 3614 flor.
272 3569 385 3618 m.10.
459 3570 500 3618 24.
522 3565 583 3634 ΓΔ]
603 3580 654 3633 cp,
674 3581 743 3618 corr.
763 3580 797 3618 ex
817 3569 903 3619 ΓΗΔ
921 3565 955 3636 V,
977 3569 1063 3620 ΓΗΔ
1081 3583 1106 3619 v.
