2488 3938
172 183 236 247 100
439 186 527 237 ΠΕΡΙ
544 185 759 236 ΚΤΛΙΝΔΡΟΤ
777 185 913 237 ΤΟΜΗΣ.

170 339 280 412 τομῶν
303 329 387 393 εἰσιν
408 329 445 392 αί
462 332 547 411 AM,
566 333 604 392 Ν
608 326 638 401 Ξ
654 328 791 392 εὐθεῖαι.
827 330 1047 411 κατήχθωσαν
1065 328 1170 390 τοίνυν

171 433 223 500 έπλ
246 436 304 510 τὰς
322 439 407 518 AM,
426 439 464 498 Ν
466 433 497 508 Ξ
517 433 713 520 διαμέτρους
735 437 773 499 αί
790 439 868 517 AO,
887 439 962 498 ΕΠ
979 430 1172 517 τεταγμένως
1228 453 1230 458 ’

169 539 225 605 καὶ
247 541 611 627 προσεκβεβλήσθωσαν
634 538 687 605 ἐπὶ
710 541 855 627 θάτερον
872 538 972 626 μέρος
990 549 1046 623 τῆς
1065 538 1172 622 ἐπιῳα-
1229 511 1231 566 ἐ

168 651 259 724 νείας
295 648 378 712 κατὰ
413 648 450 712 τὸ
483 651 513 710 Ρ
540 645 596 711 καὶ
628 651 668 711 Σ.
724 644 792 712 ἐπεὶ
824 643 886 712 οὖν
918 646 1096 730 ἐφάπτεται
1125 653 1173 726 τής

133 758 317 819 5AAMP
339 762 489 839 γραμμῆς
511 752 531 834 ἡ
557 756 622 817 ΓΛ
643 754 726 817 κατὰ
752 755 789 818 τὸ
818 761 865 836 A,
892 751 948 817 καὶ
975 752 1136 818 δέδεικται
1156 748 1172 830 ή

167 863 302 944 τοιαύτη
330 869 391 925 τοῦ
418 860 599 945 κυλίνδρου
627 860 709 944 τομή
737 862 880 938 ἔλλειψις
907 855 1006 943 οὖσα,
1039 857 1111 924 ἀλλ’
1138 856 1172 919 οὐ
1232 850 1233 887 ³

168 969 298 1050 κύκλος,
320 964 375 1030 καὶ
398 975 554 1049 κατήκται
573 965 776 1050 τεταγμένως
793 965 814 1048 ή
835 971 912 1049 AO,
936 966 981 1042 ὡς
999 968 1064 1052 ἄρα
1082 966 1102 1050 ἡ
1121 964 1176 1028 ΛΓ
1231 957 1233 993 ³

168 1075 251 1159 πρὸς
277 1075 338 1156 τήν
366 1076 452 1157 ΓΜ,
480 1074 585 1149 οὕτως
612 1073 632 1156 ή
656 1078 722 1139 AO
749 1075 833 1159 πρὸς
859 1075 919 1157 τήν
944 1078 1030 1156 OM,
1060 1074 1105 1150 ὡς
1128 1067 1173 1134 δέ·

170 1181 294 1244 δεικται
322 1189 367 1266 τῳ
393 1177 602 1267 Ἀπολλωνίῳ
632 1179 667 1244 έν
690 1189 735 1267 τῷ
760 1178 792 1243 α’
817 1191 885 1244 τῶν
908 1183 1079 1244 Κωνικῶν.
1124 1174 1173 1241 καὶ

119 1297 152 1345 10
171 1286 226 1350 διὰ
254 1286 293 1348 τδι
321 1285 420 1368 αὐτά,
448 1286 492 1362 ὡς
514 1285 534 1368 ή
557 1289 630 1350 ΝΓ
647 1287 730 1372 πρὸς
752 1288 813 1370 τήν
838 1286 910 1381 ΓΞ,
936 1287 1042 1363 οὕτως
1064 1287 1083 1370 ή
1107 1287 1176 1350 ΝΠ
1223 1296 1235 1335 ι’

169 1393 252 1477 πρὸς
279 1393 340 1475 τήν
366 1391 437 1465 ΠΞ.
488 1390 557 1457 ἐπεὶ
584 1390 621 1456 δέ
649 1393 669 1476 ή
697 1397 776 1456 ΝΗ
798 1402 838 1478 τῇ
868 1397 946 1458 ΘΜ
972 1391 1172 1479 παράλληλός
1235 1403 1236 1406 ’

173 1498 278 1582 ἐστιν,
306 1499 350 1576 ὡς
378 1501 441 1585 ἄρα
469 1498 489 1582 ἡ
518 1502 588 1563 ΛΓ
614 1500 697 1584 πρὸς
723 1500 785 1582 τήν
813 1502 898 1582 ΓΜ,
931 1498 1037 1576 οὕτως
1065 1499 1084 1582 ή
1112 1497 1176 1563 ΝΓ

169 1606 252 1692 πρὸς
274 1607 335 1689 τήν
360 1604 430 1679 ΓΞ·
459 1603 514 1670 καὶ
537 1605 582 1682 ὡς
605 1607 668 1687 ἄρα
691 1604 712 1688 ή
736 1609 802 1670 AO
824 1607 908 1691 πρὸς
929 1607 990 1689 τήν
1015 1611 1101 1689 OM,
1123 1603 1171 1668 οὕ-

170 1736 234 1789 τως
264 1712 284 1794 ή
312 1717 390 1777 ΝΠ
415 1713 498 1798 πρὸς
528 1713 589 1795 τήν
616 1710 696 1785 ΠΞ·
724 1711 744 1794 ή
772 1714 836 1798 ἄρα
862 1712 903 1776 τδι
930 1716 978 1794 Π,
1005 1717 1033 1777 O
1064 1722 1172 1796 σημεῖα
1229 1779 1230 1784 η

123 1829 155 1877 15
175 1819 432 1901 έπιζευννύουσα
463 1819 578 1883 εὐθεῖα
610 1817 646 1882 ἐν
677 1827 722 1905 τῷ
750 1822 789 1882 Η
792 1823 821 1883 (δ
852 1817 993 1905 ἐπιπέδῳ
1027 1816 1094 1883 ἐστὶ
1124 1811 1171 1882 καλ

170 1925 378 2011 παράλληλος
406 1923 540 2011 ἑκατέρᾳ
562 1936 629 1989 τῶν
646 1928 727 2008 BA,
749 1929 830 1989 ΘΜ.
875 1922 930 1988 καὶ
953 1923 1023 1989 ἐπεὶ
1047 1923 1171 2007 ἑκατέρα

170 2044 238 2096 τῶν
259 2036 292 2095 A
299 2036 341 2115 0,
364 2036 438 2096 ΕΠ
456 2041 495 2116 τῇ
520 2034 586 2095 ΓΚ
605 2031 813 2117 παράλληλός
836 2030 935 2115 ἐστιν,
958 2033 996 2096 αί
1016 2037 1093 2115 AO,
1111 2033 1174 2095 ΕΠ

171 2139 235 2223 ἄρα
261 2135 316 2201 καλ
344 2137 500 2219 ἀλλήλαις
527 2135 591 2202 είσὶ
617 2137 830 2224 παράλληλοι.
880 2137 938 2202 ἐὰν
965 2139 1007 2221 δή
1036 2139 1091 2202 διὰ
1111 2148 1171 2201 τῶν

172 2249 255 2327 AO,
279 2248 353 2309 ΕΠ
371 2243 513 2308 εὐθειῶν
536 2243 624 2330 ἀχθῇ
648 2243 813 2326 ἐπίπεδον,
835 2254 926 2329 τεμεῖ
945 2245 982 2309 τὸ
1009 2249 1081 2309 ΘΗ
1097 2266 1170 2327 παρ-

120 2361 154 2409 20
173 2353 447 2437 αλληλόηραμμον
474 2351 556 2414 κατὰ
582 2352 644 2434 τήν
668 2355 740 2415 ΟΠ
759 2351 926 2436 γραμμήν,
952 2348 1007 2415 καὶ
1031 2354 1118 2417 ἔσται
1139 2350 1171 2414 τὸ

173 2463 313 2523 ΠΕΔΟ
346 2457 501 2523 ἐπίπεδον
530 2456 741 2542 παράλληλον
769 2456 909 2544 ἐπιπέδῳ
937 2455 1004 2522 τινὶ
1031 2469 1098 2523 τῶν
1124 2457 1172 2522 διίι

171 2573 230 2647 τῆς
262 2569 327 2628 ΒΑ
359 2562 529 2647 ἀνομένων
561 2561 615 2628 καὶ
647 2565 834 2647 τεμνόντων
865 2566 903 2628 τὸ
930 2567 1015 2628 ΗΘ·
1048 2566 1085 2630 τὸ
1117 2565 1173 2648 ἄρα

173 2674 313 2734 ΠΕΛΟ
337 2669 492 2734 ἐπίπεδον
514 2672 618 2754 τομήν
641 2672 770 2753 ποιήσει
794 2669 893 2757 ἐντῷ
912 2673 1080 2759 κυλίνδρῳ
1099 2693 1172 2754 παρ-

49 2799 52 2804 ·
174 2778 461 2861 αλληλόνραμμον,
498 2776 542 2852 ὡς
575 2776 709 2860 ἐδείχθη
741 2778 932 2862 θεωρήματι
963 2781 1072 2865 τρίτῳ.
1126 2777 1175 2842 καί

121 2891 155 2940 25
174 2880 264 2946 ἐστιν
287 2882 307 2965 ή
325 2887 394 2947 EA
412 2884 542 2968 γραμμή
566 2883 660 2965 κοινή
683 2884 765 2967 τομή
786 2891 846 2948 τοῦ
865 2888 1006 2949 ΠΕΛΟ
1025 2884 1174 2949 ἐπιπέδου

174 2986 229 3054 καὶ
251 2998 308 3072 τής
331 2997 391 3053 τοῦ
413 2990 595 3075 κυλίνδρου
618 2989 822 3073 ἐπιφανείας·
845 2988 866 3071 ή
890 2994 957 3055 EA
979 2991 1044 3076 ίίρα
1066 2989 1175 3056 εὐθεῖά

174 3096 243 3161 ἐστι
270 3093 325 3161 καὶ
351 3096 477 3181 πλευρὰ
503 3105 563 3160 τοῦ
590 3095 942 3181 παραλληλογράμμου.
992 3096 1113 3181 ὁμοίως
1137 3097 1173 3178 δή

175 3204 343 3267 δείκνυται
370 3199 424 3266 καλ
453 3200 505 3266 ἐπὶ
531 3213 646 3266 πασῶν
673 3213 740 3266 τῶν
767 3201 1017 3286 ἐῳαπτομένων,
1049 3201 1104 3268 καὶ
1130 3203 1173 3266 ὅτι

199 3327 388 3336 -.-—--—-

246 3396 316 3446 m:
386 3395 478 3446 ΡΠο.
559 3399 584 3446 4.
604 3391 646 3464 τό]
665 3393 723 3461 vc,
747 3391 782 3446 τοί
800 3412 826 3463 p.
911 3396 1175 3467 5.AAMP]0‚P

177 3461 294 3514 obscura
312 3461 342 3514 in
382 3465 526 3541 ,AAME
544 3479 570 3531 v,
589 3467 681 3516 AAM
694 3482 721 3531 p.
793 3465 824 3518 τὸ
843 3470 877 3532 A,
895 3465 944 3518 καλ
962 3463 1111 3536 δέδεικται]
1130 3463 1172 3517 ωλι·

178 3535 354 3598 sumpserunt
367 3547 474 3585 uermes
488 3549 519 3584 ιιι
532 3550 558 3599 p.
631 3539 655 3588 9.
675 3539 712 3605 τῷ
722 3535 795 3606 (pr.)]
814 3551 866 3589 οιιι.
881 3553 907 3603 p.
980 3537 1024 3608 α’]
1042 3537 1136 3608 πρώτῳ
1151 3551 1170 3586 ο.
