2488 3938
184 179 224 243 78
450 182 538 232 ΠΕΡΙ
555 180 771 234 ΚΤΛΙΝΔΡΟΤ
788 180 925 233 ΤΟΜΗΣ.

181 330 214 388 A
220 327 253 388 Γ
269 326 562 410 παραβαλλόμενον
579 323 788 409 ὑπερβάλλον
806 324 887 388 είδει
905 326 1098 412 τετραγώνῳ
1116 329 1181 389 ίσον

181 440 227 519 τῷ
250 429 313 494 ἀπὸ
336 439 394 513 τῆς
413 434 473 495 ΓΒ
497 431 701 518 τετραγώνῳ,
724 432 760 496 τὸ
784 432 849 516 ἄρα
866 431 932 496 ὑπὸ
950 443 1018 497 τῶν
1035 439 1114 516 ΑΔ,
1127 434 1184 496 ΔΓ

183 543 256 602 ίσον
284 535 351 602 ἐστὶ
378 546 423 625 τῷ
452 537 515 602 ἀπὸ
543 546 601 620 τῆς
624 540 685 602 ΓΒ
708 537 912 625 τετραγώνῳ.
962 538 1045 604 ἀλλὰ
1068 541 1103 604 τὸ
1124 538 1180 603 ἀπὸ

181 653 239 728 τῆς
262 647 323 708 ΓΒ
346 653 406 709 τοῦ
429 643 492 708 ἀπὸ
516 653 574 727 τῆς
595 649 666 709 ΑΔ
688 644 749 708 οὐκ
773 646 922 709 ἔλαττον·
950 645 991 709 οὐ
1014 645 1078 731 γὰρ
1101 645 1179 710 ἐλάτ-
1230 669 1231 740 ρ

146 764 248 815 οτων
270 750 291 834 ἡ
315 754 381 816 ΔΒ
404 759 462 834 τῆς
484 754 554 815 ΑΓ
573 747 651 815 οὐδὲ
673 749 694 833 ἡ
718 753 780 814 ΓΒ
804 760 861 833 τῆς
884 757 967 816 ΑΔ·
990 750 1045 816 καὶ
1068 753 1105 816 τὸ
1125 754 1180 836 ἄρα

180 858 245 923 ὑπὸ
271 868 337 922 τῶν
360 862 445 941 ΛΔ,
468 863 502 922 Δ
508 859 540 921 Γ
558 865 617 921 τοῦ
640 856 704 921 ἀπὸ
727 865 786 939 τῆς
807 862 878 921 ΛΔ
899 859 1107 942 τετραγώνου
1128 858 1180 924 οὔκ
1231 881 1232 886 ’

181 964 271 1029 ἐστιν
290 968 438 1029 ἔλαττον·
458 964 537 1049 ὅπερ
556 963 732 1028 ἀδύνατον.
764 963 801 1028 τὸ
820 960 858 1027 δὲ
875 964 956 1029 αὐτὸ
972 964 1178 1049 δειχθήσεται,

181 1074 212 1137 εί
232 1068 287 1136 καὶ
311 1053 455 1136 έλοίττων
476 1078 534 1153 τῆς
558 1073 622 1135 ΓΔ
644 1069 822 1152 ὑποτεθείη
845 1072 1000 1152 γίνεσθαι
1024 1071 1044 1154 ἡ
1066 1071 1179 1156 πλευρὰ

180 1187 241 1242 τοῦ
263 1177 522 1264 ὑπερβλήματος.

128 1296 162 1345 10
247 1283 331 1348 ἀλλὰ
358 1284 399 1366 δὴ
426 1283 527 1347 πάλιν
554 1285 636 1348 ἔστω
664 1284 791 1370 πλευρδι
816 1291 877 1348 τοῦ
899 1281 1178 1370 ὑπερβλήματοςὴ

181 1392 252 1454 ΓΒ.
298 1392 388 1455 ἔσται
415 1391 479 1476 ἄρα
506 1390 543 1454 τὸ
570 1389 635 1454 ὑπὸ
663 1399 730 1454 τῶν
758 1394 838 1474 ΑΒ,
862 1393 930 1454 ΒΓ
953 1396 1028 1456 ίσον
1054 1400 1098 1479 τῷ
1123 1390 1176 1454 ἀπὸ
1231 1395 1232 1399 ’

180 1506 238 1580 τῆς
261 1499 321 1561 ΓΒ
349 1497 555 1584 τετραγώνῳ·
589 1497 668 1582 ὅπερ
697 1495 873 1561 ἀδύνατον.
918 1498 955 1561 τὸ
979 1498 1060 1563 αὐτὸ
1084 1495 1130 1580 δέ,
1154 1496 1179 1559 εί

180 1602 235 1668 καὶ
261 1607 379 1689 μείζων
401 1612 459 1687 τῆς
478 1607 538 1668 ΓΒ
561 1601 738 1685 ὑποτεθείη
762 1606 916 1685 γίνεσθαι
939 1603 959 1687 ἡ
982 1606 1107 1691 πλενρδ
1128 1609 1176 1666 τοῦ

179 1711 437 1798 ὑπερβλήματος.
1231 1790 1232 1802 ρ

127 1830 160 1879 15
245 1819 353 1903 ἡώρα
375 1817 501 1902 πλευρδι
524 1824 583 1880 τοῦ
605 1815 855 1902 ὑπερβλήματος
876 1819 995 1901 μείζων
1019 1819 1108 1883 ἔσται
1128 1825 1175 1898 τῆς
1232 1841 1233 1853 ’

180 1927 255 2006 ΓΔ,
279 1922 428 1989 ἐλάττων
445 1920 481 1987 δὲ
504 1931 562 2006 τῆς
585 1926 654 1987 ΓΒ.

651 2116 713 2187 κί’.
1234 2187 1235 2194 ¹

244 2244 438 2329 Κνλίνδρου
475 2240 635 2319 δοθέντος
670 2240 870 2327 τετμημένου
908 2242 1050 2321 ἐλλείψει
1080 2252 1175 2308 κῶνον

179 2353 408 2434 συστήσασθαι
431 2347 484 2414 ἐπὶ
506 2358 563 2433 τῆς
581 2348 683 2434 αὐτῆς
700 2347 827 2432 βάσεως
844 2357 904 2413 τοῦ
923 2351 1104 2437 κυλίνδρου
1119 2348 1175 2412 ὑπὸ

125 2468 159 2518 20
178 2459 215 2522 τὸ
243 2458 323 2523 αὐτὸ
351 2457 436 2535 ὕψος
461 2459 541 2522 ὄντα
563 2454 686 2543 καὶτῷ
710 2455 799 2543 αὐτῷ
824 2453 965 2543 ἐπιπέδῳ
989 2460 1175 2542 τεμνόμενον

178 2562 233 2628 καὶ
246 2573 407 2630 ποιοῦντα
420 2563 539 2647 ὁμοίαν
553 2565 699 2640 ἔλλειψιν
712 2572 752 2648 τῇ
766 2570 826 2627 τοῦ
840 2563 1023 2648 κυλίνδρου
1039 2563 1174 2641 ἐλλείψει.

245 2673 326 2735 ἔστω
350 2671 367 2736 ὁ
391 2668 506 2745 δοθεὶς
527 2669 721 2756 κύλινδρος,
745 2664 786 2734 οὗ
808 2667 906 2752 βοίσις
927 2665 988 2752 μέν
1011 2669 1029 2735 ὁ
1052 2667 1124 2756 περὶ
1144 2667 1173 2730 τὸ

177 2781 210 2839 A
237 2775 375 2861 κέντρον
401 2776 535 2860 κύκλος,
562 2777 599 2840 τὸ
624 2772 660 2840 δὲ
683 2775 739 2841 διδι
761 2783 821 2839 τοῦ
844 2772 961 2853 ι’ίξονος
982 2775 1174 2863 παραλληλό-

178 2906 330 2968 γραμμον
356 2883 393 2948 τὸ
416 2886 445 2946 Β
452 2885 494 2966 Γ,
518 2881 554 2947 έν
577 2875 604 2970 ᾧ
631 2880 805 2968 διάμετρος
827 2890 885 2966 τῆς
908 2883 1065 2966 δοθείσης
1087 2881 1173 2948 ἐλλεί-
1235 2911 1236 2928 1

124 3003 158 3052 25
177 2999 265 3068 ψεως
286 2988 307 3072 ἡ
326 2994 403 3074 ΒΔ,
425 2990 498 3073 ἥτις
521 2987 718 3073 ἐκβληθεῖσα
736 2987 944 3073 συμπιπτέτω
963 2999 1003 3075 τῇ
1022 2992 1089 3055 ΒΑ
1105 2985 1174 3053 κατὰ

177 3098 214 3162 τὸ
235 3100 273 3181 Ζ,
294 3094 349 3161 καὶ
371 3105 411 3183 τῇ
430 3099 496 3161 ΔΖ
519 3096 575 3160 διὰ
597 3103 657 3160 τοῦ
679 3097 712 3159 Γ
728 3095 938 3186 παράλληλος
957 3096 1053 3178 ἤχθω
1076 3095 1095 3180 ἡ
1118 3093 1175 3159 ΓΗ
1234 3149 1236 3160 ⁴

177 3206 409 3290 σνμπίπτονσα
431 3213 471 3289 τῇ
494 3206 560 3267 ΒΑ
582 3203 665 3267 κατὰ
686 3203 724 3267 τὸ
743 3206 788 3286 Η,
811 3199 866 3266 καὶ
888 3204 1172 3287 προσεκβεβλήσθω
1235 3223 1236 3260 ο

176 3310 198 3395 ἡ
223 3313 323 3376 ΖΔΘ
344 3311 467 3375 εὐθεῖα.
1235 3301 1236 3310 ’

249 3472 273 3520 3.
292 3466 465 3538 τετραγώνῳ]
485 3481 537 3518 om.
556 3481 583 3532 p.
665 3469 689 3517 8.
710 3463 734 3517 εί
751 3461 817 3535 καί]
835 3463 884 3519 καλ
903 3464 928 3518 εἰ
944 3482 973 3533 p.
1056 3471 1095 3520 11.
1115 3461 1171 3530 PB]

178 3551 253 3605 vop,
273 3553 341 3590 corr.
361 3553 394 3590 ex
415 3540 464 3590 ΓΔ
481 3553 517 3589 m.
537 3541 551 3587 1
571 3535 603 3588 V.
660 3539 701 3587 12.
720 3536 893 3607 τετραγώνῳ]
913 3551 965 3589 om.
983 3551 1012 3606 p.
1067 3535 1131 3590 αώιό
1146 3561 1171 3574 -
