2488 3938
177 152 240 216 106
445 154 531 204 ΠΕΡΙ
548 153 762 204 mmor
780 153 916 205 ΤοΜΗΣ.
1000 205 1002 207 ,

175 307 233 381 τῆς
264 305 413 383 κορυφῆς
445 294 497 360 ἐπὶ
524 297 585 379 τὴν
611 294 711 378 βώσιν
739 294 880 371 εὐθείας.
929 295 993 362 τών
1020 305 1120 361 πᾶσαι
1148 296 1181 358 αλ

176 403 282 479 οὕτως
304 401 442 487 ἠγμέναι
466 402 529 467 ἀπὸ
552 411 612 466 τοῦ
635 401 739 467 αὐτοῦ
762 405 899 486 σημείου
923 401 1086 486 ἀνώλογον
1109 425 1181 485 τμη-

176 516 295 593 θῶσιν,
318 510 338 593 ἡ
361 508 525 594 τέμνουσα
547 509 648 586 αὐτὰρ
670 507 786 573 εὐθεῖα
806 507 842 573 έυ
865 518 911 597 τῷ
934 511 1083 597 τριγώνῳ
1108 508 1180 590 ολγο-
1228 513 1231 524 ’

175 615 257 700 μένη
281 617 336 682 διὰ
359 625 416 700 τῆς
439 623 588 701 κορυφῆς
610 623 670 679 τοῦ
693 616 858 701 τριγώνου
882 615 1057 681 ἐλεύσεται.

140 755 156 803 5
242 741 407 826 τριγώνου
435 741 497 825 γὰρ
525 747 585 804 τοῦ
613 742 718 803 ΑΒΓ
746 741 897 823 εἰλήφθω
920 762 952 804 τι
976 752 1111 825 σημεῖον
1134 738 1180 803 ἐκ·

176 848 232 923 τὸς
254 848 290 911 τὸ
309 853 352 930 Λ,
374 844 430 911 καὶ
453 845 517 911 οάιὸ
540 854 600 911 τοῦ
620 851 653 910 Λ
674 846 803 930 διήχθω
827 846 942 910 εὐθεῖα
964 846 1128 931 τέμνουσα
1145 845 1178 908 τὸ

176 957 340 1039 τρίγωνον
371 952 391 1035 η
421 957 536 1036 ΔΕΖ,
569 951 632 1016 ἀπὸ
660 949 697 1016 δὲ
724 960 782 1035 τῆς
808 959 840 1016 Α
869 963 1019 1039 κορυφῆς
1046 951 1098 1018 ἐπὶ
1125 953 1181 1034 τὴν

175 1058 275 1143 βώσιν
298 1059 432 1143 ολχθητω
456 1058 476 1141 ἡ
496 1063 604 1123 ΛΗΘ
625 1057 790 1142 τέμνουσα
812 1060 873 1143 τὴν
894 1063 968 1142 ΖΔ,
988 1061 1072 1124 ώστε
1089 1054 1178 1138 εἶναι,

176 1166 221 1241 ώς
249 1166 310 1248 τὴν
334 1169 400 1228 ΖΔ
422 1165 504 1251 πρὸς
531 1167 592 1250 τὴν
614 1169 696 1247 ΛΕ,
719 1165 824 1241 οὕτως
846 1166 908 1249 τὴν
931 1169 1004 1230 ΖΗ
1021 1167 1103 1252 πρὸς
1125 1165 1181 1246 τὴν

124 1286 157 1334 10
176 1275 255 1353 ΗΕ,
278 1269 334 1335 καὶ
356 1272 486 1355 διήχθω
504 1295 554 1348 τις
573 1270 665 1358 ἑτέρα
684 1271 799 1336 εὐθεῖα
817 1270 837 1353 ἡ
856 1274 971 1336 ΛΚΛ.
1007 1270 1101 1355 λέγω,
1124 1271 1179 1351 ὅτι,

177 1377 221 1453 ώς
243 1376 264 1459 ἡ
283 1382 360 1442 ΜΛ
377 1379 460 1464 πρὸς
482 1380 544 1461 την
561 1382 640 1461 ΛΚ,
665 1367 770 1453 οὕτως
792 1377 812 1460 η
831 1382 908 1442 ΜΛ
926 1379 1009 1464 πρὸς
1031 1380 1091 1463 τὴν
1109 1379 1178 1443 ΛΚ.

241 1503 401 1586 ἤχθωσαν
438 1503 493 1566 διὰ
534 1499 594 1586 μὲν
630 1513 697 1566 τών
729 1507 772 1585 Ε,
801 1505 835 1575 Κ
864 1505 1008 1586 σημείων
1044 1512 1083 1588 τῇ
1118 1502 1177 1566 AB

175 1606 380 1695 παράλληλοι
408 1610 445 1674 αλ
469 1613 552 1692 ΕΝ,
575 1608 654 1691 ΚΞ,
682 1609 738 1672 διὰ
765 1604 806 1672 N-
828 1619 895 1674 τών
923 1613 966 1692 Ε,
991 1612 1019 1672 Ζ
1046 1619 1085 1694 τῇ
1110 1609 1179 1672 ΜΛ

175 1715 380 1803 παράλληλοι
403 1717 440 1780 αλ
460 1720 534 1798 EO,
560 1719 666 1778 ZHP.
712 1712 782 1779 ἐπεὶ
804 1723 864 1779 τοῦ
887 1718 1003 1780 ΑΜΚ
1022 1716 1178 1800 τριγώνου
1207 1727 1210 1738 ’

125 1834 156 1884 15
176 1824 264 1909 παρὰ
291 1825 352 1906 τὴν
374 1827 453 1887 AM
477 1819 624 1907 πλευράν
652 1820 741 1885 ἐστιν
766 1820 786 1903 ἡ
810 1825 893 1904 ΕΝ,
920 1821 965 1897 ὡς
987 1823 1052 1907 ἄρα
1074 1820 1093 1904 η
1117 1821 1180 1885 ΝΕ

175 1931 258 2011 πρὸς
280 1929 341 2011 τὴν
364 1931 441 2011 ΕΚ,
465 1927 569 2002 οὕτως
592 1927 612 2009 ἡ
636 1932 712 1992 MA
734 1929 816 2013 πρὸς
838 1929 899 2011 την
917 1931 996 2011 ΛΚ,
1017 1925 1179 1992 τουτέστιν

176 2035 282 2110 οὕτως
313 2033 333 2115 ἡ
368 2038 432 2098 ZA
463 2035 546 2120 πρὸς
573 2034 634 2117 τὴν
661 2038 731 2098 AP.
781 2031 882 2098 τώλιν
910 2031 978 2098 ἐπεὶ
1005 2033 1026 2116 ἡ
1055 2039 1119 2098 ZA
1145 2040 1177 2116 τῇ

175 2139 244 2215 ΚΞ
263 2138 471 2227 παράλληλός
493 2139 592 2222 ἐστιν,
616 2142 705 2204 ἔστιν
728 2141 802 2225 ἄρα,
827 2137 871 2216 ώς
892 2139 913 2222 η
932 2143 1002 2204 ΕΚ
1021 2141 1103 2225 πρὸς
1125 2141 1178 2221 τὴν

176 2247 250 2331 ΚΞ,
274 2247 379 2324 οὕτως
401 2246 421 2329 ἡ
445 2250 512 2310 ΕΑ
534 2247 616 2329 πρὸς
638 2247 699 2330 τὴν
721 2253 753 2311 A
760 2251 796 2310 Z.
834 2243 903 2311 ἐπεὶ
925 2241 997 2329 οὖν,
1021 2245 1065 2323 ὡς
1087 2242 1177 2330 μὲνὴ

123 2367 157 2416 20
176 2359 248 2419 NE
267 2355 350 2440 πρὸς
373 2355 433 2437 τὴν
455 2356 532 2437 ΕΚ,
556 2353 660 2428 οὕτως
682 2351 703 2434 ἡ
724 2357 789 2417 ZA
810 2354 893 2439 πρὸς
911 2353 972 2436 τὴν
990 2357 1063 2436 ΑΡ,
1087 2353 1128 2428 ὡς
1145 2348 1178 2414 δὲ

175 2460 195 2543 ἡ
219 2465 288 2526 ΕΚ
308 2462 390 2547 πρὸς
412 2461 474 2544 τὴν
496 2460 570 2543 ΚΞ,
593 2459 699 2535 οὕτως
721 2459 741 2543 ἡ
764 2464 831 2524 EA
853 2461 936 2547 πρὸς
958 2458 1020 2543 τὴν
1039 2467 1112 2548 ΑΖ,
1129 2456 1178 2524 καλ

176 2566 221 2631 δι’
248 2573 322 2632 ἴσου
345 2569 409 2653 ἄρα
433 2567 469 2632 ἐν
487 2565 708 2652 τεταραγμένῃ
727 2564 896 2653 ἀναλογίᾳ,
916 2564 960 2643 ώς
978 2566 999 2650 ἡ
1017 2574 1091 2635 ΕΝ
1104 2566 1179 2651 πρὸς

175 2671 237 2754 την
255 2672 329 2756 ΚΞ,
353 2673 457 2748 οὕτως
480 2672 585 2755 NEA
607 2673 689 2758 πρὸς
711 2671 773 2755 τὴν
792 2677 864 2755 AP,
890 2671 1061 2740 τουτέστιν
1083 2674 1178 2757 mlo

175 2779 259 2863 πρὸς
284 2777 345 2860 τὴν
375 2783 447 2842 ΠΡ.
501 2777 570 2844 ἐπεὶ
598 2774 659 2844 οὖν
687 2779 705 2844 ὁ
733 2787 790 2862 τῆς
817 2784 895 2845 ΜΛ
921 2781 1004 2867 πρὸς
1031 2783 1092 2865 τὴν
1116 2780 1180 2845 ΛΚ

124 2899 158 2948 25
178 2887 276 2967 λόγος
303 2884 320 2949 ὁ
348 2884 447 2961 αὐτός
475 2884 543 2950 ἐστι
569 2895 615 2972 τῷ
643 2894 701 2969 τῆς
725 2889 790 2950 ΖΔ
811 2887 894 2971 πρὸς
915 2888 977 2969 την
1000 2888 1070 2961 ΛΞ
1089 2889 1177 2972 λόγῳ,

177 2991 194 3057 ὁ
218 2987 255 3055 θλ
277 2999 335 3074 τῆς
355 2995 420 3056 ΖΛ
437 2993 521 3078 πρὸς
542 2994 604 3075 την
621 2992 690 3066 ΛΞ
710 2994 807 3074 λόγος
830 2993 998 3075 σύγκειται
1021 2997 1057 3058 ἔτι
1074 3017 1109 3059 τε
1126 2999 1178 3057 τοῦ

248 3259 272 3308 3.
291 3253 327 3325 η]
347 3270 361 3307 e
380 3270 448 3308 corr.
468 3272 504 3308 m.
525 3260 538 3308 1
559 3271 582 3309 ο.
675 3261 715 3309 10.
740 3256 844 3380 ΔΚΛίχ
861 3254 918 3324 Vc,
943 3261 1073 3310 AKAM
1085 3255 1178 3322 Halley

177 3342 241 3379 cum
259 3324 363 3379 Oomm.
437 3331 478 3379 11.
497 3326 644 3448 ΛΚχΑΚ
659 3322 717 3417 Eo,
737 3342 805 3382 corr.
845 3342 926 3379 omm.
1001 3333 1042 3382 14.
1063 3325 1132 3399 ἐπεί]
1149 3325 1177 3392 V,

178 3391 309 3450 ἐτελολν
329 3412 396 3449 corr.
416 3414 452 3450 m.
473 3402 486 3449 1
508 3412 541 3449 ex
574 3395 687 3450 τελτοο
707 3413 729 3451 ο,
808 3402 848 3451 18.
869 3397 943 3468 ΚΞ]
962 3402 1016 3453 KZ
1035 3398 1093 3468 Vc,
1118 3414 1178 3452 corr.

178 3499 281 3554 Oomm.
355 3507 396 3554 22.
415 3497 615 3573 τεταραγμένη]
633 3479 801 3573 τεταραγμένη
821 3503 854 3557 V.
927 3507 969 3558 25.
992 3504 1059 3576 ΖΔ]
1078 3520 1105 3572 ο,
1131 3505 1178 3557 Ze
