2574 3934
502 226 718 283 PRAEFATIO.
1038 228 1116 283 XVII

581 371 640 437 ΙΠ.

166 479 288 545 Sereno
302 479 443 564 patriam
457 480 602 544 restituit
616 481 802 546 coniectura
815 479 969 544 facillima
979 478 1116 565 (Biblio-

90 589 198 653 theca
226 585 457 652 mathematica
488 587 571 652 1894
599 611 630 672 p.
654 588 711 668 97)
740 584 931 674 Ἀντιοοέως
957 609 1115 671 reponens

91 716 160 780 pro
195 698 349 778 corrupto
382 691 561 769 ἀντινσέως
594 693 629 757 in
665 692 904 777 subscriptione
937 693 1057 758 codicis
1084 693 1115 758 V

93 826 127 886 p.
154 802 235 884 116,
263 801 349 884 quod
377 801 483 864 solum
510 800 667 865 habemus
690 799 915 865 testimonium
939 800 1115 884 genuinum

94 906 275 995 (ἀντινέως
296 931 318 992 Ρ
341 907 376 971 in
394 906 493 971 titulo
515 930 545 991 p.
563 905 649 992 120).
684 907 839 971 oriundus
862 905 965 992 igitur
988 910 1058 970 erat
1077 928 1116 970 ex

96 1013 279 1079 Antinoeia
302 1013 370 1078 siue
389 1013 604 1099 Antinoupoli
623 1014 703 1078 urbe
721 1012 866 1100 Aegypti
888 1014 929 1077 ab
949 1012 1115 1077 Hadriano

97 1120 241 1186 condita.
276 1142 392 1204 quare
411 1142 608 1207 magnopere
633 1121 844 1185 confirmatur
862 1120 1003 1205 suspicio
1022 1119 1116 1185 Pauli

98 1227 254 1312 Tannery
286 1227 324 1292 de
357 1231 464 1292 aetate
498 1225 623 1312 Sereni,
661 1227 716 1313 qui
752 1232 926 1311 praeeunte
958 1227 1116 1292 Michaele

98 1332 237 1400 Chasles
266 1331 474 1414 (Geschichte
503 1335 559 1399 der
583 1333 768 1399 Geometrie
795 1358 825 1419 p.
848 1331 907 1421 44)
935 1356 1008 1399 eum
1030 1333 1117 1398 inter

97 1441 251 1525 Pappum
269 1439 497 1524 Thoonemque
516 1440 636 1526 posuit,
655 1442 686 1506 h.
698 1463 723 1506 e.
743 1441 873 1506 saeculo
890 1440 938 1506 IV
957 1440 1116 1528 (Bullatin

100 1549 159 1612 des
184 1544 333 1612 Scienoes
357 1547 630 1632 mathematiques
659 1552 691 1612 et
721 1547 979 1631 astronomiques
1006 1545 1115 1633 1883).

98 1654 177 1719 huic
201 1652 342 1738 tempori
365 1654 486 1738 optime
510 1655 662 1719 conuenit
690 1658 723 1720 et
751 1675 856 1718 sermo
891 1653 958 1717 iam
986 1653 1026 1717 ab
1054 1675 1115 1718 usu

100 1765 250 1826 ueterum
266 1761 571 1826 mathematicorum
586 1762 758 1826 deflectens
778 1758 813 1848 (ἡ
828 1766 860 1824 A
878 1763 983 1843 γωνία
1001 1782 1031 1843 p.
1044 1761 1116 1844 122,

103 1870 161 1952 24,
195 1868 347 1952 198,13;
379 1867 396 1932 ὁ
424 1873 457 1931 Α
484 1869 604 1945 κύκλος
630 1891 660 1952 p.
685 1868 759 1951 276,
785 1869 839 1953 103
872 1867 1026 1951 17112,
1059 1866 1115 1930 cfr.

104 1998 135 2059 p.
157 1975 235 2059 160,
258 1975 276 2040 8
301 1978 335 2038 et
357 1979 455 2038 notae
477 1998 508 2059 p.
529 1974 602 2059 155,
630 1973 707 2057 165)
736 1979 769 2039 et
797 1997 849 2039 res
877 1976 918 2039 ab
947 1993 986 2038 eo
1011 1994 1115 2056 neque

105 2080 184 2146 satis
213 2081 378 2146 subtiliter
405 2078 450 2168 (u.
474 2080 624 2146 Halleius
647 2104 677 2165 p.
702 2083 759 2166 68)
788 2105 848 2148 nec
876 2103 1003 2166 semper
1029 2087 1116 2147 recte

105 2185 149 2274 (u.
172 2211 201 2272 p.
223 2189 285 2253 157
309 2193 376 2253 not.
396 2189 431 2273 2)
460 2192 628 2253 tractatae.
675 2189 807 2253 omnino
832 2211 934 2274 error,
962 2211 1059 2274 quem
1080 2190 1116 2253 in

104 2293 210 2378 priore
235 2296 390 2380 opusculo
414 2294 460 2382 (Ρ.
479 2297 510 2381 2,
534 2293 648 2380 3sqq.)
671 2295 857 2382 impugnat,
888 2301 959 2361 tum
987 2297 1116 2361 demum

107 2401 183 2466 oriri
214 2403 338 2486 potuit,
370 2426 445 2468 cum
475 2400 687 2468 Archimedes
721 2401 810 2489 (περὶ
837 2404 986 2468 κωνοειὸ.
1014 2401 1050 2492 9)
1083 2407 1116 2467 et

107 2508 297 2592 Apollonius
315 2530 382 2574 non
400 2508 466 2574 iam
486 2509 566 2574 satis
580 2509 848 2596 intellegerentur
862 2509 931 2593 (cfr.
946 2533 976 2593 p.
987 2508 1040 2594 52,
1049 2507 1117 2597 25).

108 2615 145 2679 de
159 2614 296 2679 Pithone
316 2620 482 2701 geometra
501 2617 568 2682 eius
589 2617 693 2682 amico
709 2613 752 2702 (Ρ.
764 2616 816 2702 96,
828 2619 878 2703 14,
889 2614 946 2703 22)
968 2615 1116 2702 Cyroque

109 2721 152 2807 (Ρ.
170 2724 198 2807 2,
217 2725 252 2808 2,
278 2723 350 2806 120,
369 2721 404 2808 2)
427 2723 510 2786 nihil
532 2728 655 2789 notum.
948 2794 952 2804 ⁸

172 2829 234 2893 duo
263 2830 418 2914 opuscula
445 2827 558 2895 Sereni
586 2830 655 2895 sine
684 2830 783 2895 dubio
812 2832 879 2896 iam
905 2831 979 2896 inde
1007 2855 1027 2896 a
1051 2854 1117 2897 sae-

110 2935 178 3001 culo
200 2934 265 3000 VII
295 2933 340 3022 (u.
362 2935 513 3020 Apollon.
527 2935 570 3002 *II
596 2960 627 3021 p.
649 2935 740 3024 LVI)
768 2942 902 3022 propter
928 2961 1035 3003 rerum
1064 2940 1116 3003 ad·

110 3041 265 3108 finitatem
280 3065 353 3107 cum
363 3042 495 3107 Eutocii
510 3043 650 3109 editione
661 3041 856 3109 (lonicorum
866 3044 1032 3128 Apollonii
1043 3066 1116 3110 corr-

111 3149 323 3235 iungebantur
343 3154 376 3215 et
393 3150 441 3214 ita
460 3151 500 3215 ad
517 3173 577 3216 nos
595 3155 820 3236 peruenerunt.
854 3173 926 3215 oum
939 3150 1114 3234 Apollonio

112 3257 312 3320 coniunctum
341 3279 415 3321 eum
442 3257 523 3343 legit
551 3257 739 3323 Theodorus
765 3258 945 3323 Metochita
972 3254 1114 3344 (Sathaa

113 3366 272 3428 Μεσοιων.
291 3366 437 3447 βιβλιοθ.
456 3363 473 3428 I
495 3387 526 3448 p.
543 3364 602 3450 pe':
623 3363 847 3430 Ἀπολλωνίου
865 3372 925 3428 τοῦ
944 3367 1114 3448 Περγοιίου

113 3470 228 3535 revixit
336 3469 392 3536 καὶ
415 3473 568 3555 Σεοήνου
591 3471 788 3556 κυλινδρικὰ
810 3465 939 3554 μάλιστ’
966 3467 1113 3553 ἐπονήθη

115 3573 188 3663 μοι),
210 3575 349 3642 fortasse
372 3577 407 3641 in
429 3577 500 3661 ipso
525 3577 632 3642 codice
655 3601 677 3661 p
705 3573 869 3664 (Apollon.
888 3571 921 3635 Π
950 3595 980 3656 p.
998 3571 1112 3658 LXX).

933 3675 952 3728 b

162 3689 281 3731 Soranus
294 3689 498 3744 Antinosnsis,
513 3691 547 3732 ed.
561 3691 670 3740 Helberg.
