2574 3934
372 204 421 253 ua
441 203 617 262 sacriora
637 204 815 256 crimuni.
841 215 847 228 ·
1054 199 1098 264 23
1133 183 1138 195 '

81 346 191 430 [Eucl.
213 347 260 411 XI
283 346 344 410 def.
363 345 409 430 4].
447 347 582 410 ducatur
604 368 661 430 per
682 351 711 410 Θ
733 351 839 411 rectae
858 352 923 412 AB
943 347 1097 432 parallela

81 456 205 537 ΚΘΛ,
226 459 258 519 et
277 455 317 518 ad
335 458 457 518 rectam
475 457 541 517 AB
559 453 831 537 perpendicularis
851 459 990 537 ponatur
1009 459 1096 554 ΜΝ,

80 582 137 642 per
154 565 240 644 ΖΘ,
252 564 286 625 K
289 565 320 624 A
339 565 448 624 autem
464 560 600 624 ducatur
614 559 747 644 planum
762 561 938 625 sectionem
953 553 1096 626 efficiens

82 668 113 728 K
117 671 197 730 ZA.
248 667 402 750 quoniam
433 666 535 751 igitur
562 670 645 730 MN
671 666 944 750 perpendicularis
977 673 1027 732 est
1057 669 1098 732 ad

83 775 145 836 ΑΒ
182 794 389 837 communem
419 772 590 856 planorum
618 773 794 836 sectionem
821 774 856 837 in
882 774 979 858 plano
1008 774 1096 838 basis

81 879 241 963 positam,
277 883 360 943 MN
392 879 432 942 ad
468 879 600 962 planum
633 883 702 943 ΑΔ
737 880 1011 964 perpendicularis
1047 884 1096 944 est

84 982 192 1066 [Eucl.
216 985 264 1049 XI
292 984 353 1049 def.
376 984 426 1069 4];
458 985 568 1070 iaque
598 989 676 1068 ΖΘ,
708 989 791 1050 ΜΝ
818 986 990 1071 parallelae
1020 991 1096 1052 sunt

82 1089 191 1172 [Eucl.
210 1091 267 1176 XI,
286 1091 329 1176 6}
371 1113 484 1156 uerum
507 1091 606 1156 etiam
629 1095 711 1174 KA,
735 1096 800 1156 AB
822 1093 995 1177 parallelae
1019 1097 1095 1156 sunt

84 1196 191 1278 [Eucl.
222 1198 278 1283 XI,
313 1197 382 1282 16];
418 1220 516 1283 quare
553 1199 653 1263 etiam
688 1199 785 1283 plana
820 1221 878 1283 per
911 1222 965 1264 eas
998 1201 1095 1265 ducta

83 1301 192 1385 [Eucl.
211 1305 267 1390 XI,
287 1305 351 1388 15].
393 1305 405 1368 i
421 1326 502 1388 aque
527 1305 628 1369 sectio
648 1308 682 1369 K
686 1309 750 1369 ΖΛ
768 1306 840 1370 basi
858 1306 1013 1389 parallela
1032 1311 1096 1392 est;

84 1411 186 1477 sectio
210 1416 312 1477 ΚΖΛ
334 1412 436 1497 igitur
459 1411 598 1476 circulus
621 1417 671 1476 est
695 1411 799 1497 [prop.
819 1411 873 1496 V].
919 1413 1095 1478 diametrus

85 1522 196 1584 autem
219 1519 331 1584 circuli
355 1522 404 1582 est
427 1521 495 1582 ΚΛ
518 1523 551 1582 et
574 1519 614 1582 ad
634 1521 702 1582 ΚΛ
724 1519 998 1603 perpendicularis
1019 1525 1095 1600 ΖΘς

85 1622 195 1708 itaque
218 1626 281 1689 erit
303 1628 371 1689 ΚΘ
384 1640 427 1692 ><
444 1629 508 1689 ΘΛ
525 1655 565 1678 =
582 1623 666 1690 &ZI
712 1647 825 1690 uerum

236 1793 243 1805 ,
342 1735 838 1810 ΕΘΧΘΗ-ΞΚΘΧΘΙΗ

86 1856 162 1901 nam
180 1841 245 1903 ΕΘ
259 1869 301 1890 =
319 1840 397 1920 ΘΚ,
420 1841 491 1902 ΗΘ
505 1868 547 1891 =
564 1842 628 1902 ΘΛ
647 1838 752 1922 [Iducl.
771 1837 797 1923 Ι,
816 1837 861 1922 5],
884 1838 960 1921 quia
984 1838 1096 1924 anguli

88 1941 126 2005 ad
148 1943 242 2010 bases
265 1947 346 2026 ΕΚ,
371 1948 445 2009 ΛΗ
463 1945 563 2028 positi
586 1945 735 2029 aequales
760 1948 849 2027 sunt3
874 1967 972 2028 quare
996 1945 1096 2010 etiam

231 2135 234 2142 Δ
410 2049 486 2115 zo²
501 2082 543 2104 =
558 2055 623 2116 ao
638 2068 679 2120 ><
697 2055 773 2116 ou.

88 2157 120 2216 et
148 2161 212 2221 ΖΘ
238 2159 278 2222 ad
305 2161 379 2222 ΕΗ
400 2158 673 2243 perpendicularis
702 2162 760 2222 est.
807 2159 957 2224 similiter
985 2164 1094 2224 autem

87 2260 193 2347 etiam,
208 2263 237 2329 si
250 2263 347 2328 aliam
361 2268 467 2329 rectae
484 2269 547 2328 ΖΘ
560 2263 748 2347 parallelam
762 2267 802 2330 ad
814 2269 889 2330 ΕΗ
899 2265 1094 2349 duxerimus,

88 2369 242 2448 quadrata
263 2370 407 2454 aequalis
431 2370 493 2434 erit
511 2370 699 2456 rectangulo
718 2372 866 2454 partibus
885 2377 992 2436 rectae
1012 2375 1093 2453 ΕΗ,

89 2490 165 2552 quas
188 2475 303 2560 efficit,
331 2475 578 2560 comprehens03·
600 2497 678 2562 ergo
702 2477 803 2540 sectio
827 2479 935 2540 ΕΖΗ
955 2477 1093 2541 circulus
1158 2527 1160 2532 .

89 2582 148 2664 est,
170 2582 260 2647 cuius
284 2582 458 2646 diametrus
483 2586 532 2646 est
555 2586 644 2647 recta
667 2586 777 2647 ΕΘΗ
798 2582 901 2668 [prop.
921 2580 991 2670 IV].

555 2777 628 2842 VII.

146 2885 238 2966 ¹Dato
278 2901 314 2965 in
354 2901 521 2985 superficie
558 2901 695 2986 cylindri
730 2907 851 2987 puncto
890 2903 998 2986 aliquo
1035 2927 1094 2989 per
1203 2881 1212 2968 .’

90 3013 240 3086 punctum
261 3007 342 3072 illud
364 3007 451 3072 latus
475 3008 612 3092 cylindri
635 3008 758 3073 ducere.

151 3115 194 3180 sit
216 3113 393 3198 cylindrus,
421 3114 511 3179 cuius
535 3115 629 3179 bases
653 3115 719 3180 sint
742 3114 854 3180 circuli
878 3122 924 3199 A,
958 3121 1001 3199 Β,
1025 3117 1094 3180 axis

91 3225 193 3286 autem
212 3223 278 3285 AB
301 3225 399 3304 recta,
421 3225 578 3304 punctum
602 3224 710 3286 autem
733 3221 767 3285 in
791 3222 959 3306 superficie
983 3223 1095 3287 datum

93 3325 129 3410 Γ,
151 3333 183 3394 et
206 3331 356 3412 oporteat
378 3349 435 3411 per
460 3329 492 3391 Γ
508 3327 594 3391 latus
619 3326 756 3410 cylindri
780 3327 902 3393 ducere.

149 3435 285 3499 ducatur
313 3455 332 3497 a
358 3437 479 3516 puncto
509 3435 542 3497 Γ
563 3434 603 3497 ad
626 3437 691 3496 AB
719 3433 992 3516 perpendicularis
1017 3439 1093 3520 ΓΔ,

92 3543 119 3601 et
151 3563 209 3627 per
240 3543 344 3605 rectas
373 3543 452 3623 AB,
482 3541 546 3603 ΓΔ
576 3537 710 3622 planum
743 3537 879 3601 ducatur
912 3540 1093 3624 cylindrum
