2574 3934
194 161 236 225 48
463 163 550 214 ΠΕΡΙ
568 162 782 213 ΚΤΔΙΝΔΡΟΤ
802 162 939 214 ΤΟΜΗΣ.

192 305 314 436 μέτρου
333 314 390 389 τῆς
408 314 509 389 τομῆς
526 307 610 390 πρὸς
628 306 665 370 τὸ
685 304 748 370 ἀπὸ
767 315 825 388 τῆς
844 302 1000 391 δευτέρας
1019 303 1204 391 διαμέτρου,
1254 361 1255 402 ,

192 412 212 495 ἡ
233 408 305 477 δὲ’
288 413 350 476 απὸ
370 421 427 496 τῆς
441 421 542 496 τομῆς
556 409 659 476 ε’πδ
624 435 685 495 την
700 409 859 496 δευτέραν
874 412 1053 497 διάμετρον
1068 410 1204 496 ἀχθεῖσα
1254 411 1255 448 ³

192 517 401 604 παράλληλος
423 529 462 604 τῆ
486 516 650 605 διαμέτρῳ
674 519 852 600 δυνῆσεται
874 521 1009 603 χωρίον,
1032 519 1117 603 πρὸς
1136 517 1154 582 δ
1172 519 1203 581 τὸ

190 625 257 690 ὑπὸ
280 637 348 690 τῶν
368 623 546 709 τμημάτων
564 634 622 708 τῆς
640 623 796 709 δευτέρας
814 622 993 709 διαμέτρου
1013 626 1116 706 λόγον
1135 627 1204 708 ἔχει,

158 732 233 798 οὸν
258 734 296 798 τὸ
324 732 389 797 άπὸ
416 739 474 815 τῆς
502 731 657 817 δευτέρας
684 729 862 816 διαμέτρου
890 732 973 817 πρὸς
1000 733 1038 796 τὸ
1064 730 1130 797 ἀπὸ
1153 740 1204 814 τῆς

191 838 380 925 διαμέτρου.

258 949 340 1011 έστω
368 946 561 1030 κύλινδρος,
583 943 639 1009 καὶ
665 944 918 1009 κατεσκευάσθω
948 945 993 1021 ὡς
1020 944 1057 1009 έν
1079 955 1126 1033 τῷ
1151 942 1201 1010 ιδ’.

192 1051 261 1119 ἐπεὶ
290 1049 352 1118 οὖν
379 1051 513 1134 ἐδείχθη
542 1053 579 1116 τὸ
607 1048 667 1135 μὲν
689 1051 754 1115 ὑπὸ
778 1062 846 1115 τῶν
868 1055 948 1134 ΕΘ,
974 1055 1047 1116 ΘΗ
1065 1053 1149 1137 πρὸς
1168 1053 1201 1116 τὸ

193 1160 257 1224 ἀπὸ
287 1164 364 1242 ΖΘ,
394 1158 438 1234 ὡς
465 1159 502 1222 τὸ
531 1157 594 1222 ἀπὸ
622 1166 680 1240 τῆς
706 1161 781 1221 ΕΗ
800 1158 884 1243 πρὸς
906 1159 944 1222 τὸ
968 1157 1031 1223 ἀπὸ
1055 1167 1114 1243 τῆς
1137 1161 1202 1224 δια-

140 1277 174 1325 10
192 1265 314 1350 μέτρου
342 1273 399 1348 τῆς
426 1262 553 1347 βάσεως
578 1273 636 1347 τῆς
659 1265 898 1347 διχοτομούσης
920 1265 982 1348 τῆν
1005 1268 1079 1328 ΕΗ
1097 1289 1201 1348 τεταγ-

191 1370 307 1456 μένως,
331 1372 376 1447 ὡς
395 1370 528 1453 ἐδείχθη
551 1371 635 1455 πρὸς
657 1379 702 1457 τῷ
725 1367 765 1434 θ’
788 1372 991 1455 θεωρήματι,
1013 1371 1034 1454 ἡ
1058 1369 1095 1436 δὲ
1118 1373 1200 1456 διχο-

191 1487 337 1563 τομοῦσα
360 1480 421 1561 τῆν
445 1477 623 1561 διάμετρον
645 1475 849 1560 τεταγμένως
872 1475 1010 1563 δευτέρα
1034 1479 1200 1564 διάμετρός

192 1585 297 1670 ἐστιν,
326 1585 371 1663 ὡς
398 1585 435 1650 έν
458 1594 503 1672 τῷ
531 1585 595 1668 πρὸ
619 1584 755 1665 τούτου,
778 1589 827 1665 είη
851 1584 907 1667 ἄν,
935 1584 980 1660 ὡς
1003 1586 1041 1649 τὸ
1064 1585 1128 1651 άπὸ
1150 1593 1201 1668 τῆς
1254 1634 1259 1662 ,

190 1698 265 1759 ΕΗ
289 1691 468 1777 διαμέτρου
495 1692 579 1776 πρὸς
606 1692 643 1755 τὸ
672 1689 735 1755 ἀπὸ
759 1699 817 1773 τῆς
839 1688 995 1775 δευτέρας
1019 1691 1198 1778 διαμέτρου,
1257 1673 1259 1698 ⁴

140 1810 171 1858 15
191 1802 297 1877 οὕτως
324 1801 361 1864 τὸ
388 1799 454 1864 ὑπὸ
480 1809 549 1863 τῶν
576 1801 656 1880 ΕΘ,
682 1799 754 1860 ΘΗ
776 1797 860 1881 πρὸς
886 1797 924 1862 τὸ
952 1796 1016 1863 ἀπὸ
1045 1808 1103 1882 τῆς
1132 1803 1198 1863 ΖΘ·

191 1909 271 1992 ὅπερ
294 1907 360 1970 έδει
384 1903 497 1982 δείξαι.

258 2012 341 2077 άλλδι
369 2012 410 2094 δῆ
433 2011 623 2075 ὑποκείσθω
645 2010 682 2074 τὸ
706 2005 766 2093 μέν
792 2014 821 2074 Θ
843 2010 1031 2094 διχοτομείν
1053 2013 1116 2095 τῆν
1137 2013 1201 2077 ΕΗ

192 2119 383 2203 διάμετρον,
415 2119 476 2200 τῆν
509 2112 545 2180 δέ
575 2120 677 2180 ΖΘΦ
709 2115 909 2200 τεταγμένην
936 2111 1036 2182 εἶναι·
1070 2117 1198 2202 δευτέρα

192 2228 256 2312 ἄρα
289 2225 462 2309 διάμετρος
491 2223 512 2306 ἡ
541 2227 617 2287 ΖΦ.
663 2225 817 2306 κατῆχθω
846 2221 896 2286 ἐπ’
926 2223 1031 2308 αὐτὴν
1059 2224 1123 2290 ἀπὸ
1149 2233 1198 2307 τῆς

140 2345 173 2393 20
192 2342 292 2418 τομῆς
319 2331 339 2415 ῆ
368 2335 450 2396 ΜΝ
473 2330 682 2415 παράλληλος
708 2339 748 2414 τῆ
771 2333 855 2393 ΕΗ·
884 2327 983 2413 λέγω,
1007 2331 1058 2396 ὅτι
1081 2334 1118 2396 τὸ
1140 2331 1197 2396 ὑπὸ

192 2452 259 2505 τῶν
290 2443 375 2523 ΦΝ,
399 2443 467 2503 ΝΖ
495 2439 577 2523 πρὸς
604 2437 641 2500 τὸ
670 2434 733 2499 ἀπὸ
757 2444 815 2518 τῆς
837 2439 920 2500 ΜΝ
939 2439 1040 2519 λόγον
1063 2442 1141 2522 ἔχει,
1164 2437 1198 2500 ὃν

192 2549 229 2612 τὸ
258 2546 322 2611 ἀπὸ
346 2555 403 2630 τῆς
429 2549 492 2608 ΦΖ
516 2541 672 2628 δευτέρας
695 2539 872 2627 διαμέτρου
895 2543 979 2627 πρὸς
1001 2545 1038 2608 τὸ
1063 2544 1125 2610 ἀπὸ
1147 2552 1197 2626 τῆς

192 2656 267 2717 ΕΗ
286 2650 463 2736 διαμέτρου
486 2660 544 2734 τῆς
567 2659 676 2734 τομῆς.

258 2758 353 2841 ῆχθω
381 2758 437 2821 διδι
464 2766 521 2839 τῆς
548 2761 631 2822 ΜΝ
655 2756 810 2821 ἐπίπεδον
837 2756 1049 2842 παράλληλον
1072 2768 1116 2847 τῷ
1139 2759 1195 2822 ΓΔ

140 2877 174 2928 25
193 2863 521 2950 παραλληλογράμμῳ
549 2861 670 2947 τέμνον
696 2864 756 2927 τὸν
782 2863 976 2949 κύλινδρον·
1008 2868 1135 2949 ποιήσει
1158 2862 1193 2944 δῆ

190 2973 533 3108 παραλληλόγραμμον
555 2972 617 3054 τῆν
634 2971 746 3054 τομῆν.
790 2973 922 3035 ποιείτω
947 2972 984 3036 τὸ
1009 2977 1082 3057 ΡΣ,
1105 2975 1192 3037 ἔστω-

263 3171 285 3218 1.
305 3164 379 3217 Ante
397 3162 467 3231 πρός
485 3161 539 3217 del.
558 3161 642 3232 λόγον
658 3162 753 3234 έχειο.
831 3168 856 3218 3.
876 3161 954 3235 o]p‚
979 3181 1032 3220 om.
1047 3166 1100 3219 Vc
1170 3166 1188 3213 7

190 3184 434 3305 κατεσκευάσθω]ρ
436 3252 510 3303 vcp,
539 3251 623 3303 supra
646 3251 662 3288 σ
685 3234 749 3288 add
767 3239 793 3276 Θ
808 3233 841 3288 V.
932 3241 957 3289 8.
982 3233 1040 3290 έδεί
1057 3238 1109 3308 θη]
1127 3250 1189 3301 vop,

192 3306 335 3378 έδείχηΕ.
427 3309 450 3358 9
478 3306 545 3376 ΖΘ]
571 3308 717 3360 Θοοοπ.
736 3325 763 3374 p.
856 3306 908 3376 ὡς]
933 3304 1016 3374 λόγον
1037 3258 1132 3378 ἔχον
1118 3322 1188 3372 ωςΡ

229 3374 866 3462 1va3]p‚vo'2vcetcorr.exv61n1.V
921 3375 1189 3466 3']corr.exn'p
1258 3271 1260 3440 δ

192 3452 225 3501 ῖθ
243 3431 320 3501 ch.
378 3451 419 3501 14
438 3445 556 3512 πρός-
570 3443 732 3517 διαμέτρου]
753 3464 806 3501 om.
826 3464 848 3500 ο.
905 3452 945 3499 15.
966 3445 1064 3520 ουτως]
1084 3446 1189 3513 οντωρ,

193 3520 224 3569 ut
248 3532 355 3585 semper
376 3518 441 3570 ante
460 3517 653 3569 consonantes.
746 3522 787 3571 16
812 3516 879 3585 ὅπερ
900 3515 957 3570 ἔδει
975 3519 1077 3590 δεῖξαι]
1101 3535 1150 3572 om
1166 3533 1188 3583 p.
1259 3533 1260 3600 ζ
