2574 3934
146 189 236 244 XVIII
543 186 759 242 PRAEFATIO.

212 335 310 420 periit
342 333 592 398 commentarius
621 331 732 398 Sereni
763 332 799 396 in
831 329 952 397 Conica
979 329 1164 418 Apollonii,

78 494 81 498 .
147 465 243 527 quem
264 441 334 526 ipse
358 444 590 506 commemorat
612 463 643 524 p.
662 439 721 520 52,
745 441 796 505 26.
842 439 877 504 in
900 438 1064 505 codicibus
1090 439 1165 523 qui-

146 549 283 614 busdam
297 548 438 612 Theonis
454 547 623 630 Smyrnaei
642 551 749 611 exstat
768 547 989 632 fragmentum
1008 551 1064 610 aut
1082 546 1162 610 inde
1281 565 1282 574 ¹

146 656 286 740 petitum
322 660 379 720 aut
415 677 455 719 ex
491 653 555 718 alia
590 654 779 718 lemmatum
816 652 1005 718 oollectione
1042 650 1164 740 (edidit

111 775 127 822 5
146 763 204 828 Th.
219 763 260 828 H.
276 762 398 828 Marbin
415 765 491 846 post
507 760 672 825 Theonem
691 759 824 824 Parisiis
848 761 930 826 1849
949 783 980 844 p.
995 761 1162 842 340-42‚
1281 775 1282 794 ³

146 871 202 936 cfr.
225 869 366 935 Hultseh
389 867 577 933 Zestschrift
600 867 653 931 fiir
673 867 827 932 Mathem.
851 891 881 932 u.
900 866 1024 952 Physik
1047 865 1161 931 XXIV

144 978 221 1042 hist.
243 975 344 1041 Abth.
366 999 397 1060 p.
416 971 484 1062 41),
508 975 594 1058 quod
616 974 670 1038 hie
693 974 920 1060 subiungimus
944 997 961 1038 e
985 974 1053 1039 οοδ.
1074 972 1162 1038 Mar-

146 1085 239 1150 ciano
272 1103 318 1168 gr.
352 1083 415 1148 303
444 1079 516 1168 (M)
550 1080 667 1146 additis
700 1081 869 1166 scripturis
903 1081 1022 1145 codicis
1055 1079 1159 1144 Paris,

147 1192 230 1257 1821
248 1187 304 1276 (P)
324 1189 408 1273 apud
422 1188 599 1253 Martinum
614 1187 810 1272 Martinique
824 1187 927 1272 ipsius
943 1184 1021 1275 (m);
1039 1187 1074 1251 M
1087 1186 1160 1270 ipse

94 1307 128 1355 10
147 1296 272 1362 contuli
294 1293 441 1360 Uenetiis
469 1296 561 1360 1893.

212 1439 366 1524 Σερηνου
389 1445 450 1502 τοῦ
474 1439 664 1522 φιλοσόφου
689 1437 723 1502 ἐκ
746 1448 814 1502 τῶν
837 1437 1024 1521 λημμάτων.

210 1561 286 1627 Ἐὰν
308 1563 433 1627 κύκλου
457 1560 510 1627 ἐπὶ
533 1571 590 1646 τῆς
613 1561 790 1648 διαμέτρου
819 1567 935 1648 ληφθῇ
958 1585 990 1626 τι
1013 1573 1161 1646 σημεῖον,

146 1668 163 1734 ὃ
187 1671 232 1755 μή
256 1669 324 1734 ἐστι
347 1667 486 1755 κέντρον
509 1677 569 1732 τοῦ
590 1669 724 1751 κύκλου,
747 1667 907 1755 καὶπρὸς
930 1668 1019 1756 αὐτῷ
1038 1684 1161 1732 συστα-

146 1784 257 1842 θῶσιν
271 1777 502 1862 εὐθύγραμμοι
519 1779 637 1859 γωνίαι

94 1893 126 1942 15
147 1882 199 1948 ἐπὶ
218 1884 257 1949 τδι
276 1883 360 1947 αὐτοὶ
378 1880 459 1967 μέρη
484 1880 536 1946 ἐπὶ
555 1889 637 1947 λ’σων

144 1998 364 2075 περιφερειῶν
396 1991 583 2076 βεβηκυῖαι,
616 1990 636 2073 ἡ

857 1850 943 1920 yK

145 2095 323 2181 ἐγγύτερον
345 2104 405 2159 τοῦ
423 2093 563 2181 κέντρου
586 2095 637 2161 ἀεὶ

146 2199 294 2268 ἐλάσσων
313 2209 372 2285 τῆς
390 2199 560 2287 ἀπώτερον
578 2211 637 2268 τοῦ
686 2229 719 2282 Γ

144 2307 292 2395 κέντρου.

92 2427 126 2474 20
213 2415 270 2481 ἐὰν
311 2411 373 2482 οὖν
413 2416 538 2499 ταύτην
578 2417 639 2500 τὴν
700 2402 719 2431 ”

145 2526 307 2609 πρότασιν
325 2522 564 2608 ἐφαρμόσωμεν
586 2519 638 2587 ἐπὶ

145 2639 203 2712 τῆς
230 2629 366 2712 ἡλιακῆς
390 2628 639 2714 ἐκκεντρότητος
671 2631 674 2636 ’

146 2734 201 2800 καὶ
210 2736 418 2820 ὑκοθώμεθα
429 2733 568 2821 κε’ντρον
578 2745 638 2800 τοῦ

148 2843 308 2930 ζῳδιακοῦ
337 2843 374 2907 τὸ
398 2848 444 2925 A,
476 2843 637 2929 ζωδιακὸν
664 2841 701 2909 δὲ
728 2845 787 2910 τὸν
816 2848 927 2928 ΓΔΚ,
956 2841 1094 2928 ἡλιακὸν
1122 2841 1159 2909 δὲ

94 2959 128 3007 25
148 2952 322 3034 ἔκκεντρον
351 2951 409 3014 τὸν
435 2953 571 3014 ΕΛΖΘ
601 2949 677 3037 περὶ
704 2951 844 3038 κέντρον
871 2953 907 3017 τὸ
936 2955 964 3015 Β
996 2949 1052 3016 καὶ
1079 2950 1160 3016 ἀκο-

217 3106 278 3176 Fig.
298 3123 351 3162 om.
370 3107 435 3176 ΜΡ,
454 3107 558 3162 falsam
575 3108 664 3163 habet
681 3128 717 3164 m.

218 3183 259 3233 12.
285 3175 448 3261 διαμέτρου]
467 3184 518 3234 σέο
537 3197 605 3235 corr.
626 3197 660 3235 ex
679 3185 739 3255 σὲηό
758 3180 800 3249 Μ,
824 3178 992 3250 ἐπιφανείας
1010 3199 1046 3250 m,
1066 3184 1102 3235 o÷
1119 3181 1161 3236 P?

183 3254 224 3304 13.
244 3248 329 3320 πρός]
349 3250 461 3319 addim,
486 3269 539 3306 om.
560 3251 658 3308 MPm.
741 3255 917 3307 συσταθῶσιν
953 3257 1112 3308 συσταθῶσι
1129 3253 1160 3308 Ρ.

183 3327 224 3376 14.
241 3320 449 3447 εὐθύγραμμοιέ
463 3341 499 3392 m,
520 3323 668 3394 εὐθύγραμ
688 3344 718 3378 αι
731 3323 795 3378 ΜΡ.
853 3329 893 3378 18.
930 3325 1067 3396 νεώτερον]
1083 3326 1161 3380 ἀπω-

147 3387 216 3459 τέρω
230 3410 266 3447 m.
304 3399 345 3448 19.
359 3393 421 3447 Huc
451 3410 557 3448 eronus.
602 3401 644 3450 22.
674 3393 882 3466 κκεντρότητος]
896 3413 932 3462 ιιι,
948 3394 1162 3466 ἐγκεντρδτητος

147 3461 212 3516 ΜΡ,
255 3470 297 3519 25.
315 3463 473 3537 ἔκκεντρον]
484 3483 520 3534 m,
538 3464 596 3535 ἔγιὲ
612 3466 649 3534 Μ,
666 3465 796 3535 ἔγκονΡλ
845 3467 971 3538 ΕΛΖΘ]
982 3467 1162 3522 scribendum

148 3535 266 3588 ΕΖΘΛ.
310 3533 507 3609 ἀπολάβωμεν]
517 3536 645 3607 Ηιδλισδ,
660 3535 840 3610 δτιολολβομεν
849 3537 914 3605 ΜΡ,
929 3535 1160 3611 ὑπολάβωμενιιι.
