2504 3928
175 170 238 235 150
484 173 570 224 ΠΕΡΙ
587 171 717 224 mor
735 171 872 229 ΤΟΜΗΣ.

173 323 233 379 τοῦ
261 313 324 387 ἀπὸ
347 318 413 378 AB
440 318 549 399 μεῖζόν
577 315 667 380 ἐστιν
699 312 749 379 ἑνὶ
775 325 821 403 τῷ
849 316 913 381 ἀπὸ
937 319 1021 399 ΒΗ,
1053 316 1089 381 τὸ
1121 315 1185 400 ἄρα
1232 393 1233 398 ¹

174 419 238 485 ἀπὸ
264 425 329 485 ΒΘ
350 430 410 486 τοῦ
433 421 496 486 ἀπὸ
520 425 597 487 ΑΗ
610 425 720 506 μεῖζόν
743 421 812 488 ἐστι
834 432 879 511 τῶ
906 421 969 488 ἀπὸ
993 427 1071 488 ΒΗ.
1116 424 1184 486 ἔστι

176 523 213 592 δέ
234 525 290 592 καὶ
311 536 372 593 τοῦ
396 527 459 594 ἀπὸ
482 533 554 594 ΗΘ
575 537 621 616 τῷ
646 528 710 594 ἀπὸ
733 534 802 594 ΗΒ
825 533 936 614 μεῖζον
958 531 996 595 τὸ
1020 529 1082 595 ιἰπὸ
1105 532 1183 593 ΒΘ·

175 632 330 721 ἑκατέρου
355 637 419 721 ἄρα
440 646 507 700 τῶν
530 635 593 701 ἀπὸ
613 642 645 701 Α
650 640 695 720 Η,
714 640 784 701 ΗΘ
806 646 851 724 τῳ
870 637 960 725 αὐτῷ
978 635 1127 723 ὑπερέχει
1147 634 1183 698 τὸ
1233 642 1234 670 ³

139 740 335 807 ῠάπὸΒΘ·
359 747 433 807 ἴσον
452 743 517 827 ἄρα
534 743 572 807 τὸ
591 742 655 807 ἀπὸ
674 747 752 808 ΑΗ
764 751 810 832 τῷ
829 742 893 808 ἀπὸ
911 747 984 808 ΗΘ
1000 741 1187 827 καὶηΑΗ

174 852 315 934 τῇΗΘ.
360 851 419 914 καί
439 848 507 914 ε’στι
529 846 726 933 καὶὴΖΗ
743 857 782 934 τῇ
802 853 874 914 ΗΘ
896 850 1094 935 ἴσηήἄρα
1111 850 1186 914 ΑΗ
1234 905 1235 937 ,

175 961 229 1038 ἴση
257 953 325 1021 ἐστὶ
353 966 393 1041 τῇ
416 956 547 1043 ἡμισείᾳ
572 965 631 1040 τῆς
656 958 727 1020 ΖΘ.
772 955 830 1020 ἐὰν
853 957 917 1042 ἄρα
942 956 998 1020 διὰ
1021 968 1088 1021 τῶν
1111 959 1181 1038 ΖΘ,

174 1067 211 1126 Η
216 1068 248 1126 Α
261 1063 484 1147 βιεκβώλωμεν
497 1062 662 1146 ἐπίπεδον,
681 1065 771 1127 ἔσται
784 1065 949 1148 τρίγωνον
963 1061 1000 1127 έν
1014 1072 1060 1150 τῷ
1075 1065 1179 1151 κώνῳ·

175 1168 335 1252 γεγονέτω
357 1170 394 1233 τὸ
413 1176 445 1234 Α
452 1173 523 1234 ΖΘ.
560 1167 629 1234 ἐπεὶ
652 1164 714 1234 οὖν
736 1173 901 1256 τρίγωνόν
924 1171 1014 1236 ἐστιν
1034 1171 1070 1236 έν
1087 1172 1179 1258 κώνῳ
1235 1166 1236 1200 ³

124 1293 157 1341 10
176 1277 213 1342 τὸ
236 1281 354 1359 ΑΖΘ,
383 1271 423 1340 οὗ
445 1275 466 1358 ἡ
489 1274 552 1341 ἀπὸ
575 1285 633 1359 τῆς
655 1286 805 1362 κορυφῆς
826 1277 967 1353 κάθετος
989 1276 1010 1359 ἡ
1033 1282 1109 1344 ΑΗ
1125 1283 1178 1360 ἴση

175 1380 244 1447 ἐστὶ
267 1393 306 1469 τῇ
329 1383 460 1470 ἡμισείᾳ
482 1390 539 1465 τῆς
557 1382 693 1466 βάσεως,
716 1383 753 1448 τὸ
772 1389 805 1448 A
812 1387 875 1447 ΖΘ
897 1385 961 1470 ἄρα
985 1388 1093 1468 μεῖζόν
1112 1385 1178 1450 ἐστι
1236 1428 1237 1478 ,

174 1489 308 1554 πάντων
323 1501 391 1554 τῶν
405 1489 441 1554 έν
455 1498 500 1573 τῶ
514 1490 610 1576 κώνῳ
629 1488 815 1574 γινομένων
829 1491 1003 1576 τριγώνων
1016 1491 1178 1576 ἀνομοίων
1236 1485 1237 1500 ³

175 1595 279 1685 αὐτῷ·
303 1597 381 1682 ὅπερ
405 1598 471 1662 ἔδει
493 1604 637 1680 ποιῆσαι.

654 1790 706 1856 ιε’.

123 1931 155 1979 15
246 1918 316 1983 T6v
335 1915 480 1981 δοθέντα
497 1926 607 1980 κῶνον
625 1916 681 1981 διὰ
700 1925 760 1981 τοῦ
778 1914 895 1994 ἄξονος
913 1916 1055 2007 ἐπιπέδῳ
1073 1929 1177 2003 τεμεῖν

175 2024 257 2109 πρὸς
280 2022 386 2109 ὀρθὰς
407 2033 447 2110 τῇ
470 2023 572 2106 βάσει.
1238 2095 1239 2100 1

241 2133 321 2194 έστω
342 2130 360 2195 6
379 2127 494 2206 δοθεὶς
511 2141 626 2213 κῶνος,
650 2125 690 2195 οὗ
707 2132 839 2216 κορυφὴ
858 2127 918 2214 μὲν
935 2133 972 2197 τὸ
987 2138 1020 2197 Α
1037 2143 1175 2216 σημεῖον,

174 2236 271 2322 βάσις
294 2233 330 2302 δὲ
352 2237 370 2303 6
393 2234 468 2323 περὶ
491 2236 528 2300 τὸ
547 2239 575 2300 Β
598 2234 737 2322 κέντρον
754 2237 884 2319 κύκλος,
908 2235 996 2314 ἄξων
1014 2235 1051 2304 δὲ
1068 2238 1086 2304 6
1104 2241 1174 2318 ΑΒ,

174 2343 229 2408 καὶ
262 2342 339 2410 δέον
367 2348 448 2410 έστω
476 2344 535 2409 τὸν
564 2353 674 2407 κῶνον
699 2353 809 2427 τεμεῖν
836 2343 893 2407 διὰ
919 2353 977 2427 τῆς
1004 2349 1069 2410 ΑΒ
1100 2344 1175 2430 πρὸς

121 2463 155 2512 20
175 2451 281 2538 ὀρθὰς
303 2463 342 2538 τῇ
365 2452 467 2536 βώσει.

242 2560 273 2623 εἰ
298 2555 358 2643 μὲν
381 2556 443 2626 οὖν
465 2558 569 2645 ὀρθός
592 2557 682 2623 ἐστιν
704 2555 722 2623 6
745 2567 865 2640 κῶνος,
895 2558 1012 2641 δῆλον,
1040 2558 1084 2635 ῶς
1105 2557 1125 2641 η’
1145 2578 1175 2619 τε

176 2668 242 2728 AB
265 2666 347 2748 πρὸς
370 2664 476 2751 ὀρθάς
499 2663 566 2730 ἐστι
589 2676 628 2751 τῇ
652 2664 755 2748 βώσει,
778 2660 833 2728 καὶ
855 2663 962 2728 πάντα
986 2664 1026 2729 τὰ
1049 2664 1104 2728 διὰ
1124 2671 1176 2745 τῆς

175 2773 242 2834 ΑΒ
271 2769 406 2834 ἐπίπεδα
435 2768 655 2855 ἐκβαλλόμενα
682 2772 766 2857 πρὸς
788 2770 894 2857 ὀρθάς
917 2768 986 2834 ἐστι
1014 2780 1053 2856 τῇ
1076 2770 1174 2854 βάσει·

176 2876 259 2941 ὥστε
282 2876 318 2941 τὸ
342 2879 440 2941 ΑΓΔ
467 2880 631 2963 τρίγωνον
660 2878 715 2941 διὰ
737 2885 794 2960 τῆς
816 2882 849 2941 Α
855 2880 883 2940 Β
911 2875 951 2940 δν
973 2877 1056 2962 πρὸς
1079 2874 1175 2963 ὀρθάς

122 2995 156 3044 25
176 2981 244 3047 ἐστι
266 2991 305 3068 τῇ
329 2984 431 3066 βώσει.

243 3089 326 3154 ἀλλὰ
353 3091 395 3175 δὴ
419 3091 580 3173 σκαληνὸς
607 3093 689 3155 ἔστω
712 3088 730 3154 6
752 3100 871 3165 κῶνος·
898 3088 919 3171 ἡ
942 3090 1007 3175 ἄρα
1029 3093 1095 3155 AB
1121 3089 1175 3153 οὔτ

176 3195 245 3262 ἐστι
262 3199 345 3283 πρὸς
363 3196 469 3283 ὀρθὰς
487 3207 526 3283 τη
545 3197 646 3281 βάσει.
679 3194 821 3261 πιπτέτω
835 3198 952 3262 τοίνυν
967 3195 988 3280 ἡ
1003 3196 1067 3262 ἀπὸ
1080 3198 1174 3280 τηςΑ

268 3466 329 3532 ,τῷ
360 3459 435 3530 τ’μ.
514 3459 585 3530 ΗΒ]
605 3461 703 3528 ΒΘΡ.
775 3459 919 3532 τό]τῶμ.
993 3461 1062 3531 ΒΘ]
1082 3461 1170 3526 ΒΗρ.

214 3533 238 3581 6.
254 3533 313 3584 ΗΘ
352 3547 372 3584 r.
385 3532 396 3601 ]
412 3532 470 3584 ΗΘ
481 3528 524 3598 ἴση
539 3547 566 3599 p.
621 3533 645 3582 8.
661 3513 917 3602 &sufidlmfflcffi
932 3527 1172 3601 διεκβώλλαμενλλ.
