2592 3932
213 184 278 247 236
526 189 615 238 ΠΕΡΙ
632 186 761 238 Κοαου
780 188 916 240 ΤοιιΗΣ.

213 337 329 394 κοινοῦ
353 331 417 414 ἄρα
435 328 676 415 προστεθέντος
695 339 753 394 τοῦ
773 329 837 395 ἀπὸ
856 339 914 413 τῆς
932 336 964 394 Α
970 334 1001 394 Γ
1014 329 1056 394 τδι
1077 329 1142 394 ἀπὸ
1160 339 1217 394 τῶν

216 438 291 518 ΖΓ,
311 439 370 499 ΓΑ
389 447 455 501 τών
473 434 536 500 ἀπὸ
556 447 623 502 τῶν
641 440 723 519 ΗΓ,
744 440 803 501 ΓΑ
821 438 954 521 μείζονά
973 436 1054 521 ἐστι,
1076 433 1217 500 τουτέστι
1271 465 1272 470 ’

213 543 250 606 τὸ
274 541 337 606 ἀπὸ
359 546 423 606 ΖΑ
445 550 504 606 τοῦ
528 540 592 605 ἀπὸ
612 546 688 606 ΑΗ
706 545 816 626 μεῖζόν
840 542 922 607 ἐστι·
945 546 1067 626 μείζων
1088 544 1153 628 ἄρα
1170 539 1217 605 καὶ
1271 615 1272 618 ¹

214 649 319 732 ἡΖΑ
342 657 399 731 τῆς
417 652 497 713 ΑΗ.
535 646 604 713 ἐπεὶ
626 644 688 714 οὖν
706 651 743 712 αι’
759 646 819 732 μέν
840 653 915 732 ΖΒ,
935 653 1009 714 ΒΗ
1025 655 1106 731 ίσαι,
1131 649 1216 729 κοινὴ
1271 629 1272 638 ¹

178 753 250 820 ὅδὲ
273 756 293 839 ἡ
316 760 397 838 ΒΑ,
420 757 537 838 μείζων
561 751 597 818 δὲ
620 755 640 838 ἡ
666 759 731 818 ΖΑ
754 765 811 839 τῆς
833 760 920 839 ΑΗ,
943 757 963 840 ἡ
986 753 1050 840 μὲν
1073 756 1139 840 ἄρα
1161 754 1217 818 ὑπὸ

215 860 314 927 ΖΒΑ
337 864 442 944 γωνία
466 860 603 945 ἄμβλείᾶ
626 859 730 945 ἐστιν,
754 862 774 944 ἡ
798 859 835 927 δὲ
857 862 922 927 ὑπὸ
946 867 1061 927 ΑΒΗ
1080 859 1218 941 ὀξείαὴ

214 970 277 1052 ἄρα
309 967 372 1032 ίιπὸ
405 977 464 1032 τοῦ
492 973 525 1031 A
556 967 695 1043 κάθετος
729 965 782 1033 ἐπὶ
814 969 874 1052 τὴν
904 974 976 1034 ΖΗ
1006 967 1061 1035 έπλ
1089 969 1131 1033 τα
1156 968 1222 1030 ΒΗ

213 1073 295 1161 μέρη
313 1077 431 1138 πίπτει.
469 1074 589 1158 ὁμοίως
608 1071 644 1138 δέ
662 1074 871 1158 δειχθήσεται
885 1073 941 1140 καὶ
955 1074 1009 1141 έπὶ
1023 1087 1094 1141 τῶν
1108 1076 1218 1139 ἄλλων.

638 1238 795 1246 ———-

273 1335 371 1403 Ὥστε
400 1343 562 1425 φανερόν,
595 1341 645 1406 ὅτι
673 1343 710 1405 αί
733 1339 967 1426 προειρημέναι
995 1341 1134 1407 κάθετοι
1161 1336 1215 1400 ἄπὸ

162 1464 196 1512 10
215 1447 379 1530 μετεώρου
419 1455 479 1510 τοῦ
515 1453 548 1511 Α
589 1451 725 1532 σημείου
763 1445 815 1511 ἐπὶ
851 1447 975 1512 κύκλου
1011 1444 1216 1534 περιφέρειαν

214 1555 392 1617 πίπτουσαι
428 1553 510 1618 κατδι
547 1552 740 1638 ἐπιφανείας
771 1555 988 1636 οίσθήσουται
1020 1556 1147 1635 κώνου,
1180 1541 1213 1611 οὗ

214 1659 310 1743 βάσις
328 1655 388 1743 μέν
407 1660 425 1725 ὁ
438 1660 503 1724 ὑπὸ
518 1669 585 1725 τῶν
598 1661 755 1725 πτώσεών
768 1671 836 1725 τῶν
849 1658 1001 1725 καθέτων
1014 1663 1214 1748 γραφόμενος

214 1766 344 1849 κύκλος,
367 1767 498 1850 κορυφὴ
522 1763 559 1830 δὲ
581 1767 602 1850 ἡ
625 1766 708 1850 αὐτὴ
731 1775 776 1853 τῷ
800 1765 832 1844 ἐξ
856 1765 957 1851 ἀρχῆς
979 1767 1088 1856 κώνῳ.

687 1996 747 2081 ιζ’.

163 2154 195 2202 15
279 2136 333 2202 Ἐν
364 2140 460 2226 κώνῳ
493 2143 645 2226 σκαληυςό
678 2138 838 2216 δοθέντος
867 2141 958 2215 τινὸς
984 2151 1052 2204 τῶν
1081 2139 1136 2204 διὰ
1160 2138 1209 2197 τοῦ

215 2244 332 2323 ἄξονος
350 2246 531 2332 τριγώνων,
551 2245 568 2310 ὃ
587 2247 667 2330 μήτε
685 2244 839 2330 μέγιστόν
858 2245 927 2311 έστι
945 2247 1025 2330 μήτε
1040 2246 1210 2331 ἐλάχιστον,

215 2352 324 2438 εὑρεῖν
352 2351 464 2438 ἕτερον
492 2355 656 2437 τρίγωνον
684 2353 740 2416 διὰ
766 2361 826 2417 τοῦ
854 2350 984 2436 ἄξονος,
1013 2351 1031 2416 δ
1060 2351 1139 2436 μετδι
1159 2349 1208 2410 τοῦ

215 2458 375 2537 δοθέντος
399 2465 473 2525 ίσον
496 2461 586 2524 ἔσται
610 2457 849 2546 συναμφοτέρῳ
873 2469 918 2546 τῳ
941 2460 1083 2546 μεγίστῳ
1104 2452 1155 2523 καί
1171 2455 1208 2535 τῷ

216 2565 372 2654 ἐλαχίστῳ
396 2577 463 2630 τῶν
487 2566 545 2645 διδ
565 2573 625 2629 τοῦ
649 2562 774 2642 ἄξονος.

162 2685 196 2733 20
282 2674 364 2736 έστω
405 2681 511 2746 κῶνος
552 2675 727 2754 σκαληνύς,
769 2667 810 2737 οὗ
850 2673 981 2758 κορυφὴ
1020 2667 1081 2756 μὲν
1117 2670 1152 2735 τὸ
1184 2665 1209 2725 Α

216 2788 365 2860 σημεῖον,
388 2776 484 2860 βᾶσις
507 2772 544 2840 δέ
567 2776 584 2840 ὁ
607 2774 682 2862 περὶ
705 2779 741 2842 τὸ
766 2782 794 2841 Β
817 2777 955 2864 κέντρον
978 2778 1112 2861 κύκλος,
1134 2771 1208 2849 ἄξων

287 3046 310 3094 1.
331 3039 398 3111 ἄρα]
418 3057 471 3093 om.
490 3057 517 3109 p.
576 3037 791 3112 προστεθέντος]
809 3058 836 3109 p,
855 3037 1043 3108 προτεθέντος
1060 3039 1114 3095 Vc.
1168 3026 1206 3097 τά]

215 3110 326 3181 scripsi,
350 3109 381 3165 τό
401 3110 477 3180 ch.
568 3117 592 3166 2.
614 3113 688 3183 ΗΓ]
708 3130 761 3180 vp,
787 3116 817 3165 H
834 3128 913 3166 enan.
932 3110 965 3181 V,
991 3114 1054 3166 ΝΓ
1069 3128 1091 3166 c.
1159 3097 1204 3173 μύ·

215 3185 294 3255 gova]
313 3201 344 3252 p,
366 3184 459 3251 μεῖζον
478 3181 531 3236 Vc.
604 3184 847 3254 3.ΖΑ]τῆςΑΖ
863 3200 890 3252 p.
963 3183 1034 3254 ΑΗ]
1053 3190 1102 3252 τῆς
1122 3180 1204 3240 ΖΗΡ·

250 3261 274 3308 4.
299 3255 370 3324 ΒΗ]
394 3257 452 3306 ΑΗ
472 3252 554 3322 ch,
582 3270 650 3307 corr.
671 3253 774 3308 Comm.
848 3253 917 3325 ίσαι]
942 3251 999 3307 ίσαι
1023 3250 1076 3308 εἰσί
1097 3271 1123 3322 p.
1186 3247 1204 3294 6·

215 3323 301 3395 ἐστιν]
325 3321 413 3393 γωνία
432 3320 505 3378 ἐστίν
524 3341 551 3392 p.
625 3330 648 3378 9.
669 3323 722 3396 ὅτι]
742 3342 792 3394 cp,
818 3343 871 3380 om.
891 3343 920 3394 v,
945 3323 961 3379 δ
978 3343 1005 3378 τι
1024 3324 1049 3378 V
1068 3340 1149 3393 supra
1164 3329 1203 3370 8οΓ-

215 3392 301 3462 -Ι-ἄτι
319 3411 424 3448 m.rec.
498 3399 539 3448 10.
560 3413 607 3448 -ον
626 3396 687 3466 τοῦ]
707 3412 722 3449 e
741 3413 810 3452 corr.
826 3415 853 3466 p.
928 3401 968 3452 11.
989 3391 1034 3467 ού]
1052 3414 1080 3465 p,
1101 3412 1151 3449 om.
1162 3387 1204 3440 Vc·

252 3471 292 3518 15.
313 3465 343 3519 ἐν
358 3497 392 3506 -
406 3483 432 3534 p.
449 3471 508 3533 238,
529 3469 570 3519 15.
591 3466 811 3540 συναμφότερος]
830 3466 874 3521 bis
893 3468 1018 3538 c(c¹c²).
1075 3473 1116 3522 15.
1134 3453 1206 3523 τινές]

216 3547 269 3586 om.
289 3537 324 3588 0¹.
386 3541 426 3589 17.
447 3533 506 3606 διώ]
525 3533 570 3588 bis
588 3534 621 3590 V.
687 3543 728 3591 20.
748 3539 782 3609 A]
801 3548 912 3607 πρῶτον
931 3539 966 3593 0².
