2504 3928
393 132 442 180 ns
462 130 639 182 snomous
659 131 753 183 cont.
1016 129 1076 191 141

86 278 225 362 angulum
242 277 298 343 uni
313 276 433 362 angulo
448 274 616 358 aequalem
633 273 756 338 habent
774 277 878 348 [ΕΗ
880 278 908 338 Β
920 305 960 326 =
972 278 1083 339 ΑΒΗ

86 380 218 468 (uterque
241 385 329 449 enim
351 378 474 468 neotus)
503 384 536 444 et
560 380 681 444 circum
710 379 791 443 alios
816 380 952 466 angulos
976 381 1079 446 latera

81 490 332 574 proportionalia,
366 493 398 553 et
431 493 566 571 uterque
599 486 798 569 reliquorum
831 490 948 572 ΕΒΗ,
971 489 1077 552 ΑΗΒ

83 600 160 659 recto
180 597 284 662 minor
307 601 370 680 est,
400 593 557 679 trianguli
581 593 702 658 similes
727 597 804 657 sunt
828 593 932 677 [Euol.
951 592 1012 676 Vl,
1034 595 1077 678 Π.

80 701 175 786 itaque
204 709 278 769 ΕΗ
294 728 300 767 :
320 707 390 768 ΗΒ
412 733 451 754 ==
471 705 536 765 AB
556 724 563 764 τ
582 704 650 764 ΗΒ
684 700 790 784 [Euol.
813 699 869 783 VI,
892 700 942 785 4];
978 723 1076 784 quare

82 813 183 872 AB=
193 814 266 875 ΕΗ
276 809 384 895 [Euol.
394 808 434 893 V,
444 808 489 892 9].
517 829 630 872 uerum
649 811 763 878 EH<
774 811 839 871 BE
856 806 1076 891 [Eu01.1,19];

80 935 144 1000 ergo
165 917 263 981 etiam
282 919 347 981 AB
372 915 440 980 axis
464 914 537 979 ooni
556 913 663 977 minor
681 917 731 978 est
750 913 854 998 radio3
878 913 964 996 quod
983 935 1077 998 opor-

81 1022 157 1087 tebat
179 1023 410 1087 demonstrare.

134 1130 285 1213 quoniam
304 1127 406 1214 igitur
424 1128 458 1191 in
473 1125 637 1210 parallelis
654 1128 722 1211 ΓΔ,
736 1131 800 1190 ΕΖ
819 1126 1076 1192 demonstratum

79 1239 130 1320 est,
154 1235 377 1320 manifestum,
405 1234 504 1298 etiam
532 1233 560 1298 si
587 1232 760 1317 parallelae
788 1254 854 1296 non
882 1233 961 1317 sint,
993 1234 1075 1298 nihil

79 1339 233 1428 interesse3
266 1343 523 1407 demonstratum
547 1340 633 1403 enim
663 1342 764 1422 [prop.
788 1337 864 1422 III],
892 1339 1074 1426 triangulos

80 1449 214 1532 aequales
237 1451 332 1513 bases
355 1449 512 1511 habentes
537 1446 685 1530 aequales
709 1468 786 1510 esse.

541 1674 598 1738 XI.

132 1801 248 1866 Iisdem
275 1800 391 1885 positis
420 1800 720 1883 demonstrandum,
748 1800 776 1863 si
803 1823 914 1866 rursus
942 1802 1076 1886 planum

80 1907 199 1972 dueatur
219 1929 336 1973 conum
356 1929 468 1972 secans
486 1929 544 1989 per
563 1907 719 1971 uerticem
738 1912 772 1971 et
789 1908 825 1972 in
842 1909 913 1973 basi
932 1909 1075 1974 efficiens

78 2018 183 2079 rectam
206 2015 430 2100 magnitudine
454 2013 594 2078 mediam
615 2013 702 2077 inter
719 2014 814 2079 bases
833 2016 1073 2103 triangulorum

80 2121 259 2205 aequalium,
292 2121 492 2206 triangulum
519 2120 612 2184 illum
643 2120 800 2185 maiorem
831 2122 900 2187 fore
934 2127 1071 2208 utroque

79 2224 225 2312 triangulo
251 2227 387 2312 aequali.

132 2334 171 2397 sit
202 2335 288 2399 enim
321 2335 355 2397 in
386 2335 492 2420 figura
524 2334 635 2398 eadem
669 2334 852 2419 triangulus
888 2358 946 2419 per
979 2359 1070 2399 axem

78 2436 174 2504 duetus
202 2448 234 2506 A
241 2443 302 2505 ΓΛ
334 2441 478 2525 aequalis
506 2441 672 2525 triangulo
700 2441 805 2505 basim
836 2442 970 2506 habenti
998 2447 1070 2526 ΒΖ,

77 2543 257 2631 donaturque
280 2553 369 2612 reeta
394 2548 503 2632 aliqua
521 2551 603 2612 KM
620 2546 843 2632 magnitudine
862 2548 968 2613 media
985 2549 1071 2614 inter

78 2652 132 2736 ΓΛ,
149 2658 209 2718 ΕΖ
234 2658 266 2717 et
289 2654 417 2738 utrique
442 2677 552 2718 earum
574 2653 732 2739 parallela
750 2659 899 2739 ponatur,
923 2657 1073 2722 dueatur-

76 2775 124 2836 que
148 2760 288 2843 planum.
334 2760 420 2845 diae,
447 2761 648 2846 tuiangulum
676 2764 794 2826 ΑΚΜ
815 2763 971 2828 maiorem
999 2787 1069 2829 esse

24 2911 26 2942 5
76 2865 195 2950 utroque
219 2869 328 2952 ΑΓΛ,
347 2871 455 2932 ΑΕΖ.

24 2969 25 3024 s
128 2993 198 3038 nam
244 2986 359 3038 rursus
398 2977 432 3038 K
439 2978 483 3038 M
522 2979 644 3058 puncto
686 2979 717 3038 Λ
763 2975 797 3038 in
839 2976 918 3040 duas
959 2981 1067 3060 partes

24 3141 25 3164 q
76 3080 206 3160 aequales
224 3084 358 3164 secetur,
382 3080 603 3164 ducanturque
624 3085 700 3164 ΑΛ,
716 3084 790 3165 ΒΚ,
803 3085 832 3145 Β
839 3086 878 3147 Λ.
916 3082 1067 3166 quoniam

24 3233 25 3242 t
78 3235 345 3250 x——-„
498 3244 535 3249 ,-
726 3245 744 3249 -
1021 3246 1067 3251 ,ᾕ-

24 3337 25 3394 J
76 3351 129 3394 oon,
203 3349 245 3398 22.
265 3340 395 3416 ἑκατέρα]
415 3342 544 3412 ἑκάτεραι
562 3344 595 3412 V,
616 3323 722 3413 ludaei?
737 3361 759 3398 e.
837 3349 878 3399 23.
899 3343 946 3414 δή]
966 3361 1019 3398 om.
1039 3362 1065 3412 pl

24 3459 26 3496 q
76 3412 286 3556 ἐπῗΐ.οξῖα1τ)έρου
305 3399 374 3487 aaa]
392 3416 422 3468 in
439 3432 494 3469 ras.
513 3433 540 3484 p.
600 3421 642 3470 25.
662 3417 702 3487 A]
721 3433 747 3484 p,
767 3421 793 3469 Δ
810 3414 863 3468 Vc.
928 3421 968 3468 26.
989 3414 1048 3468 ἐπει
