2574 3934
171 171 215 232 44
442 173 528 222 ΠΕΡΙ
546 171 762 224 mmor
779 173 916 224 υοιιΗΣ.

171 321 270 399 ληλος
292 325 331 400 τῇ
354 325 450 401 κοινῇ
473 324 555 400 τομῇ
578 325 646 379 τῶν
665 314 829 379 ἐπιπέδων
848 316 868 399 ἡ
890 320 964 380 ΖΘ·
992 318 1105 380 πίπτει
1131 316 1210 399 ἄρα

110 434 115 441 “
171 421 191 504 ἡ
217 426 280 486 ΖΘ
303 419 356 486 ἐπὶ
378 424 439 506 τῇν
458 425 537 505 ΕΗ,
561 423 605 498 ὡς
629 421 772 505 ἐδείχθη.
812 421 896 505 λέγω
920 423 973 505 δή,
996 421 1104 486 ὅτιτὸ
1129 421 1209 485 ὑπὸ
1267 471 1268 502 ,

171 539 238 593 τῶν
257 533 336 613 ΕΘ,
358 532 430 593 ΘΗ
448 530 531 614 πρὸς
553 529 590 593 τὸ
615 527 678 592 ἀπὸ
701 537 759 612 τῇς
783 533 846 593 ΖΘ
869 531 1007 611 λόγον”
989 552 1064 613 εχει,
1087 527 1136 592 ὃν
1165 529 1210 591 τὸ
1267 503 1268 584 ¹

172 634 235 700 ἀπὸ
266 645 324 720 τῇς
352 639 427 700 ΕΗ
450 633 629 720 διαμέτρου
656 636 739 720 πρὸς
765 636 802 700 τὸ
831 634 894 700 ιἰπὸ
922 644 980 718 τῇς
1010 633 1268 722 διαμέτρου,
1267 587 1268 744 ¹

137 753 229 826 ὁτῇς
251 743 386 827 βάσεως.

237 851 332 933 ῇχθω
356 849 413 913 διὰ
435 857 495 914 τοῦ
521 852 549 912 Θ
571 849 780 934 παράλληλος
802 857 842 934 τῇ
866 852 931 913 ΓΑ
953 848 974 931 ἡ
997 851 1115 931 ΚΘΛ,
1144 845 1208 912 καὶ

172 957 228 1020 διδι
246 967 314 1020 τῶν
329 960 402 1038 ΖΘ,
417 959 486 1019 ΚΛ
499 955 642 1020 εὐθειῶν
661 957 756 1040 ῇχθω
776 954 931 1020 ἐπίπεδον
949 957 1054 1040 τομὴν
1068 964 1207 1020 ποιοῦν

171 1064 232 1146 τῇν
260 1066 371 1126 ΚΖΛ.
418 1061 487 1126 ἐπεὶ
515 1058 577 1128 οὖν
600 1063 620 1146 ἡ
643 1059 704 1146 μὲν
727 1066 796 1126 ΚΛ
818 1072 857 1148 τῇ
882 1064 947 1126 ΓΑ
969 1063 1207 1147 παράλληλος,
1267 1087 1268 1146 χ

171 1169 191 1253 ἡ
216 1165 252 1231 δέ
277 1173 341 1232 ΖΘ
359 1165 516 1255 τῇκοινῇ
539 1178 622 1254 τομῇ
641 1181 708 1234 τῶν
728 1167 892 1234 ἐπιπέδων
910 1170 993 1254 οὕσῇ
1013 1169 1049 1233 έν
1067 1178 1116 1256 τῷ
1140 1178 1207 1251 τῇς

120 1287 153 1336 10
172 1274 300 1357 βάσεως
324 1273 481 1362 ἐπιπέδῳ,
510 1274 565 1339 καὶ
589 1277 629 1340 τδι
653 1273 698 1340 δι’
724 1276 835 1341 αὐτῶν
859 1277 922 1361 ἄρα
947 1274 1086 1352 ἐπίπεδα
1107 1297 1204 1360 παρ-

173 1379 298 1462 ἄλληλά
323 1379 425 1446 ἐστιν·
458 1381 478 1464 ἡ
503 1386 606 1446 ΚΖΛ
629 1384 693 1467 ἄρα
716 1384 798 1466 τομὴ
821 1383 942 1459 κύκλος
966 1381 1043 1447 ἐστί.
1090 1383 1203 1446 πάλιν

172 1484 242 1550 ἐπεὶ
269 1488 478 1572 παράλληλός
506 1487 595 1553 ἐστιν
622 1488 642 1571 ἡ
670 1485 731 1574 μέν
758 1493 827 1553 ΚΛ
849 1499 888 1574 τῇ
913 1492 992 1572 ΓΑ,
1020 1488 1040 1570 ἡ
1065 1486 1103 1553 δὲ
1130 1492 1203 1552 ΖΘ

171 1602 211 1678 τῇ
238 1605 333 1680 κοινῇ
361 1606 444 1681 τομῇ
472 1607 538 1661 τῶν
567 1593 731 1660 ἐπιπέδων
758 1598 841 1681 πρὸς
868 1595 974 1681 ὀρθδις
1000 1596 1084 1679 οὔσῃ
1108 1595 1200 1679 πρὸς

171 1701 232 1782 τῇν
256 1704 330 1784 ΓΑ,
353 1700 408 1765 καὶ
432 1701 452 1784 ἡ
478 1706 540 1766 ΖΘ
564 1704 627 1787 ἄρα
646 1703 729 1787 πρὸς
748 1702 854 1787 ὀρθάς
873 1701 940 1766 ἐστι
959 1712 999 1787 τῇ
1018 1705 1097 1765 ΚΛ,
1137 1702 1202 1764 καί

119 1821 152 1868 15
172 1805 240 1871 ἐστι
267 1809 387 1884 κύκλος
415 1809 432 1873 ὁ
461 1812 577 1872 ΚΖΛ·
605 1810 642 1873 τὸ
672 1811 736 1893 ἄρα
765 1808 829 1873 ιἰπὸ
852 1818 909 1891 τῇς
934 1813 998 1872 ΖΘ
1022 1815 1097 1873 ἴσον
1121 1804 1197 1872 ἐστὶ

171 1923 216 2001 τῇ
238 1914 304 1979 ὑπὸ
328 1924 395 1978 τῶν
418 1918 499 1998 ΚΘ,
526 1919 598 1980 ΘΛ.
640 1913 709 1979 ἐπεὶ
732 1914 752 1998 ἡ
776 1919 845 1979 ΚΕ
865 1925 904 2000 τῇ
928 1919 1004 1979 ΛΗ
1021 1912 1195 2000 παράλλη-

171 2023 228 2095 λός
251 2021 351 2104 ἐστιν,
375 2021 420 2098 ὡς
442 2023 506 2107 ἄρα
529 2021 550 2104 ἡ
573 2025 641 2085 ΚΘ
663 2023 747 2107 πρὸς
769 2023 831 2105 τὴν
852 2026 927 2105 ΘΛ,
951 2022 1057 2098 οὕτως
1079 2021 1100 2104 ἡ
1124 2024 1195 2085 ΕΘ

170 2128 253 2211 πρὸς
276 2128 337 2209 τὴν
362 2132 442 2192 ΘΗ·
466 2130 503 2193 τὸ
527 2129 592 2214 ἄρα
614 2128 679 2194 ὑπὸ
703 2139 770 2193 τῶν
790 2133 870 2211 ΕΘ,
892 2132 964 2192 ΘΗ
983 2129 1100 2212 ὅμοιόν
1121 2126 1192 2192 ἐστι

170 2242 216 2321 τῷ
234 2233 300 2298 ὑπὸ
319 2238 400 2318 ΚΘ,
421 2239 495 2299 ΘΛ.
533 2235 577 2312 ὡς
600 2237 665 2321 ἄρα
689 2237 725 2300 τὸ
746 2235 811 2300 ὑπὸ
830 2245 897 2299 τῶν
916 2239 996 2317 ΕΘ,
1018 2239 1090 2299 ΘΗ
1104 2235 1191 2319 πρὸς

118 2354 151 2402 20
170 2341 207 2405 τὸ
230 2340 296 2406 ὑπὸ
319 2352 387 2407 τῶν
404 2345 486 2424 ΚΘ,
507 2345 587 2426 ΘΛ,
610 2339 759 2407 τουτέστι
782 2342 865 2427 πρὸς
887 2343 924 2405 τὸ
949 2340 1012 2405 ιἰπὸ
1033 2345 1107 2424 ΖΘ,
1132 2341 1189 2404 οὕ-

170 2471 234 2525 τως
257 2451 294 2513 τὸ
318 2448 381 2512 ἀπὸ
405 2457 463 2532 τῇς
482 2451 557 2513 ΕΗ
576 2447 754 2533 διαμέτρου
777 2449 860 2532 πρὸς
882 2449 919 2512 τὸ
944 2446 1007 2511 ἀπὸ
1031 2456 1089 2531 τῇς
1108 2449 1189 2527 ΚΛ,

170 2554 320 2619 τουτέστι
342 2555 426 2639 πρὸς
448 2555 485 2619 τὸ
510 2553 572 2618 ἀπὸ
596 2563 653 2638 τῇς
677 2552 854 2639 διαμέτρου
877 2562 935 2637 τῇς
957 2551 1093 2637 βάσεως.

656 2774 706 2814 ιε.

236 2868 283 2935 Ἡ
311 2871 367 2936 διδι
397 2880 455 2955 τῇς
485 2873 674 2958 διχοτομίας
705 2882 762 2958 τῇς
795 2871 973 2959 διαμέτρου
1001 2882 1059 2956 τῇς
1086 2881 1187 2957 τομῇς

118 2993 152 3041 25
171 2976 376 3062 τεταγμένως
391 2977 533 3063 ἀγομένη
550 2979 584 3044 ἐν
599 2992 638 3065 τῇ
652 2989 734 3065 τομῇ
749 2979 886 3065 δευτέρα
899 2979 1074 3065 διάμετρος
1088 2983 1186 3044 ἔσται.

239 3088 321 3150 έστω
350 3086 413 3171 γὰρ
440 3094 498 3169 τῇς
525 3090 633 3150 ΕΖΗ
656 3096 757 3170 τομῇς
785 3085 959 3171 διάμετρος
987 3087 1007 3170 ἡ
1034 3090 1109 3150 ΕΗ
1131 3081 1184 3150 καὶ

172 3196 248 3279 δι’χα
261 3195 435 3278 τετμήσθω
450 3193 584 3257 κατὰτὸ
601 3196 639 3276 Θ,
658 3191 713 3257 καὶ
728 3194 856 3276 διήχθω
872 3191 892 3274 ἡ
909 3196 1024 3257 ΖΘΜ
1035 3189 1184 3276 τεταγμέ-

171 3326 246 3378 νως.
272 3300 366 3385 λέγω,
386 3300 436 3366 ὅτι
455 3299 474 3383 ἡ
492 3303 565 3365 ΖΜ
582 3297 719 3385 δευτέρα
734 3298 907 3385 διάμετρός
922 3298 991 3364 ἐστι
1006 3309 1063 3385 τῇς
1076 3308 1182 3384 τομῇς.

244 3456 430 3530 wambe.
503 3458 649 3548 τό]μ,χο
611 3477 649 3510 τω
636 3457 720 3510 Vc.
794 3457 1104 3530 4.ἀπό(ο1δ.)]διαο.
1161 3462 1181 3509 6.

174 3530 320 3600 Θ]ηΘο.
394 3537 435 3585 11.
456 3529 583 3584 έστιν-
602 3550 655 3583 κυκ
621 3513 713 3599 έκλος]
734 3545 786 3583 om.
806 3549 832 3599 p.
908 3537 948 3586 16.
969 3529 1041 3603 ἐπεί]
1061 3531 1118 3600 Vc,
1137 3527 1182 3584 καὶ
