2592 3932
181 171 246 234 286
493 173 580 254 ποετ
597 171 727 224 mor
745 172 881 224 ΤοΜΗΣ.

181 320 257 380 ΚΗ
260 319 336 398 ΓΛ,
366 320 499 380 ΒΘΕΖ
522 317 640 381 κώνων
664 316 704 380 τδι
728 317 783 379 διδι
806 326 874 380 τῶν
897 314 1026 394 ἀξόνων
1049 318 1209 400 τρίγωνα

180 424 220 489 τὰ
243 427 360 506 ΚΓΔ,
389 427 486 487 ΒΕΖ
515 429 570 487 ίσα
599 421 753 506 ἀλλήλοις
777 421 881 505 ἐστίν,
908 421 929 505 6
953 423 1017 508 ἄρα
1040 426 1080 485 Η
1098 423 1208 506 βάσις

180 539 241 594 τοῦ
268 531 378 594 κώνου
406 530 489 615 πρὸς
516 530 576 612 τὴν
602 533 630 593 Θ
659 528 758 612 βύσιν
781 530 980 594 διπλασίονα
1004 532 1105 612 λόγον
1131 533 1207 615 ἔχει

180 638 262 723 ἤπερ
291 637 308 701 6
331 639 470 700 ΚΗΓΔ
498 646 607 714 κῶνοςΙ
626 637 709 721 πρὸς
731 636 791 700 τὸν
814 640 962 719 ΒΘΕΖ,
991 635 1035 711 ὡς
1058 635 1205 720 ἐδείχθη

145 754 161 803 5
181 743 217 808 ἐν
244 753 289 832 τῷ
317 745 381 829 πρὸ
410 741 483 818 ἑνὸς
509 744 709 826 θεωρήματι.
756 742 800 818 ὡς
823 739 859 807 δὲ
882 742 900 807 6
924 746 1064 807 ΚΗΓΛ
1086 754 1207 821 κῶνος

179 851 262 936 πρὸς
285 850 344 916 τὸν
368 854 516 934 ΒΘΕΖ,
540 849 645 925 οὕτως
668 849 685 914 6
709 853 848 913 ΑΗΓΔ
871 851 954 935 πρὸς
977 851 1036 914 τὸν
1053 853 1206 915 ΚΗΓΔ

179 955 235 1021 καλ
266 955 286 1039 6
315 961 392 1021 ΑΗ
415 957 530 1021 εύθεία
557 957 641 1042 πρὸς
667 957 729 1039 τὴν
755 959 840 1019 ΗΚ·
873 955 891 1020 6
919 957 984 1042 ἄρα
1011 960 1051 1020 Η
1072 957 1206 1034 κύκλος

179 1064 263 1149 πρὸς
285 1065 344 1128 τὸν
365 1067 393 1127 Θ
415 1064 539 1127 κύκλον
558 1064 756 1127 διπλασίονα
775 1064 877 1144 λόγον
896 1065 961 1146 ἔχει
979 1063 1061 1149 ἤπερ
1081 1061 1100 1145 6
1120 1068 1210 1128 AH

179 1171 261 1256 πρὸς
293 1170 354 1253 τὴν
385 1172 465 1232 ΗΚ.
521 1173 586 1254 ἔχει
618 1165 655 1233 δὲ
687 1167 704 1234 6
737 1173 777 1232 Η
803 1169 924 1245 κύκλος
955 1171 1039 1254 πρὸς
1070 1171 1130 1234 τὸν
1167 1175 1201 1234 Θ

128 1289 161 1336 10
180 1278 303 1341 κύκλον
326 1276 524 1340 διπλασίονα
547 1277 648 1357 λόγον
671 1283 730 1338 τοῦ
754 1273 794 1338 ὃν
813 1277 877 1358 ἔχει
896 1273 916 1357 6
937 1277 999 1339 ΓΔ
1018 1275 1199 1362 διάμετρος

179 1384 262 1468 πρὸς
284 1384 345 1465 τὴν
368 1387 443 1446 ΕΖ·
469 1381 513 1458 ὡς
536 1383 600 1467 ἄρα
625 1382 643 1466 6
667 1385 728 1446 ΓΔ
751 1383 833 1467 πρὸς
851 1386 928 1464 ΕΖ,
953 1381 1060 1458 οὕτως
1082 1382 1103 1466 6
1122 1387 1203 1447 AH

179 1489 262 1575 πρὸς
289 1492 369 1553 ΗΚ.
416 1487 527 1572 ἐπειδὴ
560 1485 597 1552 δὲ
629 1489 665 1553 τὸ
694 1492 793 1553 ΚΓΔ
825 1491 989 1572 τρίγωνον
1019 1497 1066 1577 τῷ
1095 1493 1198 1553 ΒΕΖ

179 1597 330 1683 τριγώνῳ
363 1601 436 1660 ίσον
465 1593 548 1678 ἐστί,
579 1593 651 1659 κατ’
677 1594 960 1678 ἀντιπεπόνθασιν
988 1597 1066 1678 ἄρα,
1100 1595 1147 1672 ὡς
1176 1597 1198 1680 6

181 1706 242 1767 ΓΔ
269 1703 351 1789 πρὸς
374 1707 454 1784 ΕΖ,
482 1701 588 1778 οὕτως
615 1702 635 1785 6
660 1706 727 1766 ΒΘ
753 1702 837 1788 πρὸς
859 1705 939 1766 ΚΗ.
986 1701 1121 1786 ἐδείχθη
1147 1701 1198 1786 δέ,

128 1821 160 1868 15
180 1809 225 1885 ὡς
247 1808 266 1891 6
292 1812 353 1873 ΓΔ
375 1810 458 1895 πρὸς
480 1814 558 1891 EZ,
583 1809 688 1884 οὕτως
710 1806 765 1872 καλ
787 1807 807 1890 6
831 1812 908 1872 ΑΗ
926 1809 1009 1894 πρὸς
1026 1811 1112 1872 ΚΗ·
1138 1808 1197 1875 καὶ

181 1917 224 1990 ὡς
247 1916 311 2000 ύίροι
334 1915 354 1999 6
373 1920 439 1980 ΒΘ
456 1917 538 1997 πρὸς
557 1918 638 1997 ΚΗ,
663 1915 767 1990 οὕτως
785 1913 805 1996 6
825 1918 902 1979 ΑΗ
915 1916 998 2000 πρὸς
1016 1919 1097 1981 ΚΗ.
1140 1923 1197 2001 ἴση

182 2022 247 2107 ἄρα
271 2019 360 2086 ἐστὶν
383 2020 403 2104 6
426 2025 503 2085 AH
520 2030 559 2106 τῇ
583 2025 661 2085 ΒΘ·
687 2021 765 2107 ὅπερ
789 2021 855 2086 ἔδει
880 2020 992 2099 δείξαι.

654 2214 715 2292 ξδ’.

252 2345 326 2405 Τῶν
349 2339 642 2406 ἀντιπεπονθότων
664 2341 782 2405 κώνων
804 2340 920 2426 ὀρθῶν
942 2353 1012 2417 τοῖς
1034 2340 1130 2419 ἄξοσι
1153 2345 1194 2407 τὰ

128 2460 161 2508 20
181 2448 236 2511 διὰ
260 2458 327 2512 τῶν
350 2446 478 2525 ἀξόνων
501 2450 646 2533 τρίγωνα
670 2453 725 2511 ίσα
749 2445 902 2531 ἀλλήλοις
926 2447 1002 2512 ἐστί.

245 2554 574 2640 κατανενρύφθωσαν
592 2555 628 2618 οί
643 2564 754 2637 κῶνοι,
773 2552 829 2619 καὶ
845 2557 939 2638 ἔστω,
959 2556 1003 2631 ὡς
1017 2555 1034 2620 6
1049 2559 1193 2621 ΑΗΓΔ

180 2671 285 2735 κῶνος
306 2661 389 2746 πρὸς
411 2661 470 2725 τὸν
492 2664 639 2745 ΒΘΕΖ,
663 2661 768 2738 οὕτως
791 2661 808 2726 6
828 2666 894 2726 ΒΘ
916 2659 1004 2738 ἄξων
1026 2664 1110 2744 πρὸς
1133 2664 1194 2728 τὸν

179 2768 259 2828 ΑΗ.
305 2763 403 2850 λέγω,
431 2765 481 2830 ὅτι
508 2765 548 2829 τδι
572 2770 684 2850 ΑΓΔ,
711 2771 810 2833 ΒΕΖ
837 2771 982 2854 τρίγωνα
1011 2773 1067 2832 ίσα
1093 2768 1192 2853 ἀλλύ-

180 2876 251 2948 λοις
273 2870 371 2936 ἐστίν.

128 2992 160 3041 25
247 2980 328 3044 ἔστω
357 2988 402 3067 τῷ
427 2982 564 3044 ΑΗΓΔ
591 2980 687 3067 κώνῳ
713 2981 853 3064 ἰσοϋψὴς
876 2980 893 3045 6
917 2984 1053 3046 ΚΘΕΖ
1076 2994 1192 3060 κῶνος.

179 3085 249 3152 ἐπεὶ
286 3081 361 3168 οὖν,
399 3086 444 3163 ὡς
479 3085 497 3151 6
530 3089 669 3150 ΑΗΓΔ
700 3097 807 3163 κῶνος
837 3087 919 3172 πρὸς
951 3088 1010 3153 τὸν
1040 3093 1190 3171 ΒΘΕΖ,

178 3195 392 3208 ——--

251 3250 275 3298 1.
298 3253 354 3300 τῶν
373 3243 495 3314 ἀξόνων]
516 3251 565 3296 τοῦ
585 3242 686 3307 ἄξονος
703 3261 730 3313 p.
821 3250 847 3298 2.
870 3243 997 3312 ἀλλήλοις
1015 3243 1102 3317 ἐστίν]
1121 3245 1190 3300 είσλν

180 3313 307 3381 ἀλλήλοις
325 3333 351 3383 p.
442 3321 467 3369 4.
486 3312 550 3438 τόιρ]
572 3313 633 3382 Vp,
660 3313 712 3381 τήν
734 3332 760 3368 v.
851 3321 876 3369 5.
900 3314 954 3383 πρὸ
975 3314 1052 3388 ἑνός]
1077 3315 1189 3386 scripsi;

179 3381 278 3450 προενί
297 3402 322 3452 v,
341 3384 395 3450 πρὸ
410 3385 510 3439 τούτου
554 3402 580 3454 p.
638 3389 679 3437 10.
699 3383 793 3456 λόγον]
808 3385 865 3456 Vp,
885 3386 968 3456 λόγον
984 3385 1040 3458 ἔχει
1057 3405 1083 3441 v.
1141 3392 1189 3442 ΓΔ

180 3452 338 3524 διάμετρος]
357 3454 419 3522 Vp,
439 3456 590 3524 σύμμετρος
608 3472 634 3509 v.
709 3461 750 3510 11.
770 3459 823 3509 ΕΖ
837 3456 926 3583 (6666
940 3477 970 3526 v,
988 3458 1040 3527 τὴν
1059 3461 1085 3512 E
1092 3461 1113 3511 Z
1132 3458 1188 3527 Vp.

217 3526 258 3575 12.
279 3525 354 3594 HK]
373 3525 424 3592 τὴν
445 3529 504 3578 HK
519 3544 546 3593 p.
629 3523 792 3596 {nst66JV,
822 3525 883 3582 ἐπεί
930 3546 957 3597 p.
1049 3529 1189 3583 13.ἀντι-
