<?xml version="1.0" encoding="UTF-8"?>
<!DOCTYPE html PUBLIC "-//W3C//DTD XHTML 1.0 Transitional//EN"
    "http://www.w3.org/TR/xhtml1/DTD/xhtml1-transitional.dtd">
<html xmlns="http://www.w3.org/1999/xhtml" xml:lang="en" lang="en">
 <head>
  <title>
</title>
<meta http-equiv="Content-Type" content="text/html;charset=utf-8" />
  <meta name='ocr-system' content='tesseract 3.04.00' />
  <meta name='ocr-capabilities' content='ocr_page ocr_carea ocr_par ocr_line ocrx_word'/>
</head>
<body>
  <div class='ocr_page' id='page_1' title='image "./sereniantinoens00heibgoog_0114.png"; bbox 0 0 2488 3938; ppageno 0'>
   <div class='ocr_carea' id='block_1_1' title="bbox 361 143 1087 206">
    <p class='ocr_par' dir='ltr' id='par_1_1' title="bbox 361 143 1087 206">
     <span class='ocr_line' id='line_1_1' title="bbox 361 143 1087 206; baseline 0.004 -12"><span class='ocrx_word' id='word_1_1' title='bbox 361 145 411 194; x_wconf 85' lang='lat' dir='ltr'><strong>DE</strong></span> <span class='ocrx_word' id='word_1_2' title='bbox 430 143 606 196; x_wconf 83' lang='lat' dir='ltr'>SECTIONE</span> <span class='ocrx_word' id='word_1_3' title='bbox 625 144 804 197; x_wconf 84' lang='lat' dir='ltr'>CYLINDRI.</span> <span class='ocrx_word' id='word_1_4' title='bbox 1046 143 1087 206; x_wconf 85' lang='lat'><strong>89</strong></span> 
     </span>
    </p>
   </div>
   <div class='ocr_carea' id='block_1_2' title="bbox 83 285 1093 1740">
    <p class='ocr_par' dir='ltr' id='par_1_2' title="bbox 83 285 1091 1118">
     <span class='ocr_line' id='line_1_2' title="bbox 83 285 1089 372; baseline 0.005 -25"><span class='ocrx_word' id='word_1_5' title='bbox 83 285 127 349; x_wconf 84' lang='lat' dir='ltr'><strong>ita</strong></span> <span class='ocrx_word' id='word_1_6' title='bbox 158 287 352 370; x_wconf 82' lang='lat' dir='ltr'><strong>quadratum</strong></span> <span class='ocrx_word' id='word_1_7' title='bbox 385 287 534 353; x_wconf 75' lang='lat' dir='ltr'><strong>diametri</strong></span> <span class='ocrx_word' id='word_1_8' title='bbox 564 287 687 372; x_wconf 85' lang='lat' dir='ltr'><strong>ellipsis</strong></span> <span class='ocrx_word' id='word_1_9' title='bbox 715 292 796 352; x_wconf 91' lang='lat' dir='ltr'><strong>AM</strong></span> <span class='ocrx_word' id='word_1_10' title='bbox 823 289 863 352; x_wconf 93' lang='lat' dir='ltr'><strong>ad</strong></span> <span class='ocrx_word' id='word_1_11' title='bbox 895 289 1089 371; x_wconf 88' lang='lat' dir='ltr'><strong>quadratum</strong></span> 
     </span>
     <span class='ocr_line' id='line_1_3' title="bbox 85 391 1089 480; baseline 0.004 -24"><span class='ocrx_word' id='word_1_12' title='bbox 85 391 227 458; x_wconf 78' lang='lat' dir='ltr'><strong>diametri</strong></span> <span class='ocrx_word' id='word_1_13' title='bbox 242 416 317 460; x_wconf 88' lang='lat' dir='ltr'><strong>cum</strong></span> <span class='ocrx_word' id='word_1_14' title='bbox 331 416 369 459; x_wconf 87' lang='lat' dir='ltr'><strong>ea</strong></span> <span class='ocrx_word' id='word_1_15' title='bbox 383 395 586 480; x_wconf 82' lang='lat' dir='ltr'><strong>coniugatae,</strong></span> <span class='ocrx_word' id='word_1_16' title='bbox 604 398 641 458; x_wconf 91' lang='lat' dir='ltr'><strong>ut</strong></span> <span class='ocrx_word' id='word_1_17' title='bbox 656 399 764 458; x_wconf 84' lang='lat' dir='ltr'><strong>autem</strong></span> <span class='ocrx_word' id='word_1_18' title='bbox 778 393 859 458; x_wconf 57' lang='lat' dir='ltr'><strong>A&amp;</strong></span> <span class='ocrx_word' id='word_1_19' title='bbox 869 418 877 458; x_wconf 76' lang='grc' dir='ltr'><strong><em>ε</em></strong></span> <span class='ocrx_word' id='word_1_20' title='bbox 887 399 1003 463; x_wconf 82' lang='grc' dir='ltr'>ΒΘ&gt;&lt;</span> <span class='ocrx_word' id='word_1_21' title='bbox 1017 399 1089 479; x_wconf 83' lang='grc' dir='ltr'><strong>ΘΓ,</strong></span> 
     </span>
     <span class='ocr_line' id='line_1_4' title="bbox 84 498 1090 585; baseline 0.004 -23"><span class='ocrx_word' id='word_1_22' title='bbox 84 498 128 563; x_wconf 90' lang='lat' dir='ltr'><strong>ita</strong></span> <span class='ocrx_word' id='word_1_23' title='bbox 158 501 351 584; x_wconf 83' lang='lat' dir='ltr'><strong>quadratum</strong></span> <span class='ocrx_word' id='word_1_24' title='bbox 384 500 533 566; x_wconf 87' lang='lat' dir='ltr'><strong>diametri</strong></span> <span class='ocrx_word' id='word_1_25' title='bbox 565 500 688 585; x_wconf 81' lang='lat' dir='ltr'><strong>ellipsis</strong></span> <span class='ocrx_word' id='word_1_26' title='bbox 721 505 796 566; x_wconf 94' lang='lat' dir='ltr'><strong>AN</strong></span> <span class='ocrx_word' id='word_1_27' title='bbox 824 502 864 565; x_wconf 92' lang='lat' dir='ltr'><strong>ad</strong></span> <span class='ocrx_word' id='word_1_28' title='bbox 897 502 1090 584; x_wconf 86' lang='lat' dir='ltr'><strong>quadratum</strong></span> 
     </span>
     <span class='ocr_line' id='line_1_5' title="bbox 87 605 1090 694; baseline 0.005 -26"><span class='ocrx_word' id='word_1_29' title='bbox 87 606 228 673; x_wconf 82' lang='lat' dir='ltr'><strong>diametri</strong></span> <span class='ocrx_word' id='word_1_30' title='bbox 243 630 318 674; x_wconf 90' lang='lat' dir='ltr'><strong>cum</strong></span> <span class='ocrx_word' id='word_1_31' title='bbox 332 629 370 672; x_wconf 89' lang='lat' dir='ltr'><strong>ea</strong></span> <span class='ocrx_word' id='word_1_32' title='bbox 384 608 576 694; x_wconf 84' lang='lat' dir='ltr'><strong>coniugatae</strong></span> <span class='ocrx_word' id='word_1_33' title='bbox 588 605 753 693; x_wconf 84' lang='lat' dir='ltr'><strong>[Apellen.</strong></span> <span class='ocrx_word' id='word_1_34' title='bbox 763 607 789 693; x_wconf 85' lang='lat' dir='ltr'><strong>l,</strong></span> <span class='ocrx_word' id='word_1_35' title='bbox 801 609 856 688; x_wconf 76' lang='lat'><strong>133</strong></span> <span class='ocrx_word' id='word_1_36' title='bbox 870 629 960 693; x_wconf 90' lang='lat' dir='ltr'>prop.</span> <span class='ocrx_word' id='word_1_37' title='bbox 971 607 1090 693; x_wconf 85' lang='lat' dir='ltr'><strong>XVII]‚</strong></span> 
     </span>
     <span class='ocr_line' id='line_1_6' title="bbox 87 714 1091 799; baseline 0.003 -22"><span class='ocrx_word' id='word_1_38' title='bbox 87 714 141 778; x_wconf 92' lang='lat' dir='ltr'><strong>erit</strong></span> <span class='ocrx_word' id='word_1_39' title='bbox 176 715 290 799; x_wconf 87' lang='lat' dir='ltr'><strong>etiam,</strong></span> <span class='ocrx_word' id='word_1_40' title='bbox 326 718 364 779; x_wconf 90' lang='lat' dir='ltr'><strong>ut</strong></span> <span class='ocrx_word' id='word_1_41' title='bbox 397 718 478 779; x_wconf 92' lang='lat' dir='ltr'><strong>AM</strong></span> <span class='ocrx_word' id='word_1_42' title='bbox 509 714 684 779; x_wconf 87' lang='lat' dir='ltr'><strong>diametrus</strong></span> <span class='ocrx_word' id='word_1_43' title='bbox 718 715 758 779; x_wconf 87' lang='lat' dir='ltr'><strong>ad</strong></span> <span class='ocrx_word' id='word_1_44' title='bbox 792 714 985 780; x_wconf 81' lang='lat' dir='ltr'><strong>diametrum</strong></span> <span class='ocrx_word' id='word_1_45' title='bbox 1017 737 1091 780; x_wconf 87' lang='lat' dir='ltr'><strong>con-</strong></span> 
     </span>
     <span class='ocr_line' id='line_1_7' title="bbox 85 820 1089 908; baseline 0.004 -26"><span class='ocrx_word' id='word_1_46' title='bbox 85 820 233 907; x_wconf 84' lang='lat' dir='ltr'><strong>iugatam,</strong></span> <span class='ocrx_word' id='word_1_47' title='bbox 251 821 299 886; x_wconf 89' lang='lat' dir='ltr'><strong>ita</strong></span> <span class='ocrx_word' id='word_1_48' title='bbox 315 825 388 885; x_wconf 92' lang='lat' dir='ltr'><strong>NA</strong></span> <span class='ocrx_word' id='word_1_49' title='bbox 407 821 583 886; x_wconf 85' lang='lat' dir='ltr'><strong>diametrus</strong></span> <span class='ocrx_word' id='word_1_50' title='bbox 602 822 642 885; x_wconf 92' lang='lat' dir='ltr'><strong>ad</strong></span> <span class='ocrx_word' id='word_1_51' title='bbox 662 820 856 885; x_wconf 85' lang='lat' dir='ltr'><strong>diametrum</strong></span> <span class='ocrx_word' id='word_1_52' title='bbox 874 821 1089 908; x_wconf 86' lang='lat' dir='ltr'><strong>coniugatam.</strong></span> 
     </span>
     <span class='ocr_line' id='line_1_8' title="bbox 87 927 1091 1014; baseline 0.003 -23"><span class='ocrx_word' id='word_1_53' title='bbox 87 949 157 1014; x_wconf 83' lang='lat' dir='ltr'><strong>ergo</strong></span> <span class='ocrx_word' id='word_1_54' title='bbox 168 931 259 1012; x_wconf 85' lang='lat' dir='ltr'><strong>AM,</strong></span> <span class='ocrx_word' id='word_1_55' title='bbox 269 931 345 993; x_wconf 91' lang='lat' dir='ltr'><strong>AN</strong></span> <span class='ocrx_word' id='word_1_56' title='bbox 354 927 503 992; x_wconf 90' lang='lat' dir='ltr'><strong>diametri</strong></span> <span class='ocrx_word' id='word_1_57' title='bbox 519 931 595 992; x_wconf 93' lang='lat' dir='ltr'><strong>sunt</strong></span> <span class='ocrx_word' id='word_1_58' title='bbox 608 927 771 1011; x_wconf 89' lang='lat' dir='ltr'><strong>ellipsinm</strong></span> <span class='ocrx_word' id='word_1_59' title='bbox 785 927 940 992; x_wconf 89' lang='lat' dir='ltr'><strong>similium</strong></span> <span class='ocrx_word' id='word_1_60' title='bbox 954 928 1030 1012; x_wconf 87' lang='lat' dir='ltr'><strong>[def.</strong></span> <span class='ocrx_word' id='word_1_61' title='bbox 1041 928 1091 1012; x_wconf 86' lang='lat'><strong>8];</strong></span> 
     </span>
     <span class='ocr_line' id='line_1_9' title="bbox 88 1035 990 1118; baseline -0.002 -19"><span class='ocrx_word' id='word_1_62' title='bbox 88 1037 165 1118; x_wconf 90' lang='lat' dir='ltr'><strong>quod</strong></span> <span class='ocrx_word' id='word_1_63' title='bbox 187 1039 258 1100; x_wconf 88' lang='lat' dir='ltr'><strong>erat</strong></span> <span class='ocrx_word' id='word_1_64' title='bbox 280 1035 576 1100; x_wconf 90' lang='lat' dir='ltr'><strong>demonstrandum.</strong></span> <span class='ocrx_word' id='word_1_65' title='bbox 988 1044 990 1050; x_wconf 89' lang='lat'>&#39;</span> 
     </span>
    </p>

    <p class='ocr_par' dir='ltr' id='par_1_3' title="bbox 90 1141 1093 1740">
     <span class='ocr_line' id='line_1_10' title="bbox 147 1141 1092 1227; baseline 0.001 -21"><span class='ocrx_word' id='word_1_66' title='bbox 147 1147 179 1206; x_wconf 87' lang='lat' dir='ltr'><strong>et</strong></span> <span class='ocrx_word' id='word_1_67' title='bbox 210 1141 325 1227; x_wconf 86' lang='lat' dir='ltr'><strong>etiam,</strong></span> <span class='ocrx_word' id='word_1_68' title='bbox 361 1141 389 1206; x_wconf 86' lang='lat' dir='ltr'><strong>si</strong></span> <span class='ocrx_word' id='word_1_69' title='bbox 422 1141 502 1208; x_wconf 89' lang='lat' dir='ltr'><strong>alias</strong></span> <span class='ocrx_word' id='word_1_70' title='bbox 535 1144 639 1206; x_wconf 88' lang='lat' dir='ltr'><strong>rectas</strong></span> <span class='ocrx_word' id='word_1_71' title='bbox 676 1145 784 1206; x_wconf 88' lang='lat' dir='ltr'><strong>rectae</strong></span> <span class='ocrx_word' id='word_1_72' title='bbox 818 1145 890 1206; x_wconf 93' lang='lat' dir='ltr'><strong>ZH</strong></span> <span class='ocrx_word' id='word_1_73' title='bbox 920 1141 1092 1227; x_wconf 87' lang='lat' dir='ltr'><strong>parallelas</strong></span> 
     </span>
     <span class='ocr_line' id='line_1_11' title="bbox 90 1247 1091 1333; baseline 0.002 -22"><span class='ocrx_word' id='word_1_74' title='bbox 90 1247 274 1333; x_wconf 86' lang='lat' dir='ltr'><strong>duxerimus,</strong></span> <span class='ocrx_word' id='word_1_75' title='bbox 297 1248 396 1314; x_wconf 84' lang='lat' dir='ltr'><strong>uelut</strong></span> <span class='ocrx_word' id='word_1_76' title='bbox 407 1248 484 1332; x_wconf 75' lang='grc' dir='ltr'><strong>ΞΟ,</strong></span> <span class='ocrx_word' id='word_1_77' title='bbox 507 1253 541 1312; x_wconf 90' lang='lat' dir='ltr'><strong>et</strong></span> <span class='ocrx_word' id='word_1_78' title='bbox 564 1249 605 1312; x_wconf 87' lang='lat' dir='ltr'><strong>ab</strong></span> <span class='ocrx_word' id='word_1_79' title='bbox 625 1247 662 1331; x_wconf 75' lang='grc' dir='ltr'><strong>Ξ,</strong></span> <span class='ocrx_word' id='word_1_80' title='bbox 683 1252 711 1312; x_wconf 88' lang='lat'><em>0</em></span> <span class='ocrx_word' id='word_1_81' title='bbox 734 1249 774 1312; x_wconf 90' lang='lat' dir='ltr'><strong>ad</strong></span> <span class='ocrx_word' id='word_1_82' title='bbox 797 1254 830 1312; x_wconf 93' lang='lat' dir='ltr'><em>A</em></span> <span class='ocrx_word' id='word_1_83' title='bbox 853 1249 966 1314; x_wconf 86' lang='lat' dir='ltr'><strong>ductas</strong></span> <span class='ocrx_word' id='word_1_84' title='bbox 985 1254 1091 1314; x_wconf 89' lang='lat' dir='ltr'><strong>rectas</strong></span> 
     </span>
     <span class='ocr_line' id='line_1_12' title="bbox 90 1354 1092 1440; baseline 0.002 -22"><span class='ocrx_word' id='word_1_85' title='bbox 90 1355 124 1418; x_wconf 82' lang='lat' dir='ltr'><strong>ad</strong></span> <span class='ocrx_word' id='word_1_86' title='bbox 164 1359 228 1420; x_wconf 80' lang='lat' dir='ltr'><strong>Be</strong></span> <span class='ocrx_word' id='word_1_87' title='bbox 272 1355 519 1440; x_wconf 80' lang='lat' dir='ltr'><strong>produxerimus</strong></span> <span class='ocrx_word' id='word_1_88' title='bbox 564 1354 795 1439; x_wconf 88' lang='lat' dir='ltr'><strong>productisque</strong></span> <span class='ocrx_word' id='word_1_89' title='bbox 840 1356 1012 1440; x_wconf 87' lang='lat' dir='ltr'><strong>parallelas</strong></span> <span class='ocrx_word' id='word_1_90' title='bbox 1057 1356 1092 1420; x_wconf 94' lang='lat' dir='ltr'><strong>in</strong></span> 
     </span>
     <span class='ocr_line' id='line_1_13' title="bbox 90 1460 1093 1548; baseline 0.002 -25"><span class='ocrx_word' id='word_1_91' title='bbox 90 1461 244 1548; x_wconf 80' lang='lat' dir='ltr'><strong>triangulo</strong></span> <span class='ocrx_word' id='word_1_92' title='bbox 272 1462 472 1547; x_wconf 85' lang='lat' dir='ltr'><strong>duxerimus,</strong></span> <span class='ocrx_word' id='word_1_93' title='bbox 500 1483 612 1526; x_wconf 87' lang='lat' dir='ltr'><strong>rursus</strong></span> <span class='ocrx_word' id='word_1_94' title='bbox 642 1461 723 1525; x_wconf 90' lang='lat' dir='ltr'><strong>aliae</strong></span> <span class='ocrx_word' id='word_1_95' title='bbox 748 1461 829 1526; x_wconf 85' lang='lat' dir='ltr'><strong>duae</strong></span> <span class='ocrx_word' id='word_1_96' title='bbox 853 1460 983 1545; x_wconf 88' lang='lat' dir='ltr'><strong>ellipses</strong></span> <span class='ocrx_word' id='word_1_97' title='bbox 1006 1462 1093 1526; x_wconf 89' lang='lat' dir='ltr'><strong>inter</strong></span> 
     </span>
     <span class='ocr_line' id='line_1_14' title="bbox 91 1566 1092 1653; baseline 0.003 -23"><span class='ocrx_word' id='word_1_98' title='bbox 91 1590 120 1631; x_wconf 89' lang='lat' dir='ltr'><strong>se</strong></span> <span class='ocrx_word' id='word_1_99' title='bbox 150 1569 269 1634; x_wconf 90' lang='lat' dir='ltr'><strong>similes</strong></span> <span class='ocrx_word' id='word_1_100' title='bbox 302 1572 545 1653; x_wconf 79' lang='lat' dir='ltr'><strong>construentur,</strong></span> <span class='ocrx_word' id='word_1_101' title='bbox 577 1572 610 1632; x_wconf 91' lang='lat' dir='ltr'><strong>et</strong></span> <span class='ocrx_word' id='word_1_102' title='bbox 641 1569 704 1632; x_wconf 90' lang='lat' dir='ltr'><strong>hoc</strong></span> <span class='ocrx_word' id='word_1_103' title='bbox 731 1567 767 1630; x_wconf 92' lang='lat' dir='ltr'><strong>in</strong></span> <span class='ocrx_word' id='word_1_104' title='bbox 794 1566 974 1646; x_wconf 69' lang='lat' dir='ltr'><strong>infinitum</strong></span> <span class='ocrx_word' id='word_1_105' title='bbox 1007 1569 1092 1651; x_wconf 90' lang='lat' dir='ltr'><strong>quod</strong></span> 
     </span>
     <span class='ocr_line' id='line_1_15' title="bbox 92 1675 467 1740; baseline 0.005 -4"><span class='ocrx_word' id='word_1_106' title='bbox 92 1679 153 1738; x_wconf 86' lang='lat' dir='ltr'><strong>erat</strong></span> <span class='ocrx_word' id='word_1_107' title='bbox 174 1675 467 1740; x_wconf 90' lang='lat' dir='ltr'><strong>demonstrandum.</strong></span> 
     </span>
    </p>
   </div>
   <div class='ocr_carea' id='block_1_3' title="bbox 373 1865 661 1932">
    <p class='ocr_par' dir='ltr' id='par_1_4' title="bbox 373 1865 661 1932">
     <span class='ocr_line' id='line_1_16' title="bbox 373 1865 661 1932; baseline 0 0"><span class='ocrx_word' id='word_1_108' title='bbox 373 1867 375 1872; x_wconf 49' lang='lat'><strong><em>⁴</em></strong></span> <span class='ocrx_word' id='word_1_109' title='bbox 510 1865 661 1932; x_wconf 87' lang='lat' dir='ltr'>XXVIII.</span> 
     </span>
    </p>
   </div>
   <div class='ocr_carea' id='block_1_4' title="bbox 94 1992 1095 3572">
    <p class='ocr_par' dir='ltr' id='par_1_5' title="bbox 150 1992 1092 2080">
     <span class='ocr_line' id='line_1_17' title="bbox 150 1992 1092 2080; baseline 0.001 -22"><span class='ocrx_word' id='word_1_110' title='bbox 150 1994 232 2060; x_wconf 83' lang='lat' dir='ltr'><strong>Fieri</strong></span> <span class='ocrx_word' id='word_1_111' title='bbox 258 1998 383 2080; x_wconf 85' lang='lat' dir='ltr'><strong>potest,</strong></span> <span class='ocrx_word' id='word_1_112' title='bbox 410 1999 448 2058; x_wconf 94' lang='lat' dir='ltr'><strong>ut</strong></span> <span class='ocrx_word' id='word_1_113' title='bbox 471 1995 566 2058; x_wconf 88' lang='lat' dir='ltr'><strong>datus</strong></span> <span class='ocrx_word' id='word_1_114' title='bbox 590 1992 754 2077; x_wconf 87' lang='lat' dir='ltr'><strong>cylindrus</strong></span> <span class='ocrx_word' id='word_1_115' title='bbox 778 2014 920 2058; x_wconf 87' lang='lat' dir='ltr'><strong>conusue</strong></span> <span class='ocrx_word' id='word_1_116' title='bbox 945 1993 1092 2060; x_wconf 88' lang='lat' dir='ltr'><strong>scalenus</strong></span> 
     </span>
    </p>

    <p class='ocr_par' dir='ltr' id='par_1_6' title="bbox 94 2099 1093 2294">
     <span class='ocr_line' id='line_1_18' title="bbox 94 2099 1093 2187; baseline 0.002 -24"><span class='ocrx_word' id='word_1_117' title='bbox 94 2122 110 2163; x_wconf 86' lang='lat' dir='ltr'><strong>a</strong></span> <span class='ocrx_word' id='word_1_118' title='bbox 124 2103 263 2186; x_wconf 85' lang='lat' dir='ltr'><strong>partibus</strong></span> <span class='ocrx_word' id='word_1_119' title='bbox 283 2102 442 2187; x_wconf 87' lang='lat' dir='ltr'><strong>oppositis</strong></span> <span class='ocrx_word' id='word_1_120' title='bbox 460 2101 496 2165; x_wconf 92' lang='lat' dir='ltr'><strong>in</strong></span> <span class='ocrx_word' id='word_1_121' title='bbox 511 2099 677 2165; x_wconf 90' lang='lat' dir='ltr'><strong>infinitum</strong></span> <span class='ocrx_word' id='word_1_122' title='bbox 691 2100 818 2165; x_wconf 87' lang='lat' dir='ltr'><strong>duobus</strong></span> <span class='ocrx_word' id='word_1_123' title='bbox 836 2100 943 2184; x_wconf 91' lang='lat' dir='ltr'><strong>planis</strong></span> <span class='ocrx_word' id='word_1_124' title='bbox 958 2105 1093 2186; x_wconf 87' lang='lat' dir='ltr'><strong>secetur,</strong></span> 
     </span>
     <span class='ocr_line' id='line_1_19' title="bbox 95 2207 643 2294; baseline 0.002 -26"><span class='ocrx_word' id='word_1_125' title='bbox 95 2211 122 2269; x_wconf 86' lang='lat' dir='ltr'><strong>et</strong></span> <span class='ocrx_word' id='word_1_126' title='bbox 145 2209 269 2294; x_wconf 89' lang='lat' dir='ltr'><strong>ellipses</strong></span> <span class='ocrx_word' id='word_1_127' title='bbox 301 2208 422 2274; x_wconf 91' lang='lat' dir='ltr'><strong>similes</strong></span> <span class='ocrx_word' id='word_1_128' title='bbox 451 2207 643 2273; x_wconf 88' lang='lat' dir='ltr'><strong>efficiantur.</strong></span> 
     </span>
    </p>

    <p class='ocr_par' dir='ltr' id='par_1_7' title="bbox 645 2311 1092 2397">
     <span class='ocr_line' id='line_1_20' title="bbox 645 2311 1092 2397; baseline -0.002 -20"><span class='ocrx_word' id='word_1_129' title='bbox 645 2313 786 2397; x_wconf 90' lang='lat' dir='ltr'><strong>primum</strong></span> <span class='ocrx_word' id='word_1_130' title='bbox 814 2313 858 2376; x_wconf 91' lang='lat' dir='ltr'><strong>sit</strong></span> <span class='ocrx_word' id='word_1_131' title='bbox 884 2313 920 2375; x_wconf 90' lang='lat' dir='ltr'><strong>in</strong></span> <span class='ocrx_word' id='word_1_132' title='bbox 947 2311 1092 2395; x_wconf 80' lang='lat' dir='ltr'><strong>cylindro</strong></span> 
     </span>
    </p>

    <p class='ocr_par' dir='ltr' id='par_1_8' title="bbox 585 2419 1092 2502">
     <span class='ocr_line' id='line_1_21' title="bbox 585 2419 1092 2502; baseline -0.006 -18"><span class='ocrx_word' id='word_1_133' title='bbox 585 2419 1092 2502; x_wconf 84' lang='lat' dir='ltr'><strong>demonstrandum,ponaturque</strong></span> 
     </span>
    </p>

    <p class='ocr_par' dir='ltr' id='par_1_9' title="bbox 584 2526 1094 2611">
     <span class='ocr_line' id='line_1_22' title="bbox 584 2526 1094 2611; baseline -0.004 -21"><span class='ocrx_word' id='word_1_134' title='bbox 584 2527 696 2591; x_wconf 91' lang='lat' dir='ltr'><strong>eadem</strong></span> <span class='ocrx_word' id='word_1_135' title='bbox 726 2526 846 2611; x_wconf 81' lang='lat' dir='ltr'><strong>figura,</strong></span> <span class='ocrx_word' id='word_1_136' title='bbox 878 2547 960 2608; x_wconf 87' lang='lat' dir='ltr'><strong>quae</strong></span> <span class='ocrx_word' id='word_1_137' title='bbox 989 2529 1094 2610; x_wconf 80' lang='lat' dir='ltr'><strong>antea,</strong></span> 
     </span>
    </p>

    <p class='ocr_par' dir='ltr' id='par_1_10' title="bbox 583 2631 1093 2717">
     <span class='ocr_line' id='line_1_23' title="bbox 583 2631 1093 2717; baseline -0.002 -20"><span class='ocrx_word' id='word_1_138' title='bbox 583 2637 616 2697; x_wconf 91' lang='lat' dir='ltr'><strong>et</strong></span> <span class='ocrx_word' id='word_1_139' title='bbox 649 2633 693 2697; x_wconf 87' lang='lat' dir='ltr'><strong>sit</strong></span> <span class='ocrx_word' id='word_1_140' title='bbox 719 2636 949 2712; x_wconf 82' lang='lat' dir='ltr'><em>AH=AA3</em></span> <span class='ocrx_word' id='word_1_141' title='bbox 980 2631 1093 2717; x_wconf 90' lang='lat' dir='ltr'><strong>itaque</strong></span> 
     </span>
    </p>

    <p class='ocr_par' dir='ltr' id='par_1_11' title="bbox 585 2738 1094 2824">
     <span class='ocr_line' id='line_1_24' title="bbox 585 2738 1094 2824; baseline 0.002 -21"><span class='ocrx_word' id='word_1_142' title='bbox 585 2742 649 2803; x_wconf 89' lang='grc' dir='ltr'><strong>ΓΑ</strong></span> <span class='ocrx_word' id='word_1_143' title='bbox 672 2769 714 2792; x_wconf 91' lang='lat'>=</span> <span class='ocrx_word' id='word_1_144' title='bbox 737 2742 811 2803; x_wconf 88' lang='grc' dir='ltr'><strong>ΗΓ</strong></span> <span class='ocrx_word' id='word_1_145' title='bbox 846 2738 957 2823; x_wconf 84' lang='lat' dir='ltr'><strong>[Euel.</strong></span> <span class='ocrx_word' id='word_1_146' title='bbox 986 2738 1016 2824; x_wconf 83' lang='grc' dir='ltr'><strong>Ι,</strong></span> <span class='ocrx_word' id='word_1_147' title='bbox 1044 2738 1094 2822; x_wconf 88' lang='grc'><strong>4].</strong></span> 
     </span>
    </p>

    <p class='ocr_par' dir='ltr' id='par_1_12' title="bbox 583 2845 1094 2932">
     <span class='ocr_line' id='line_1_25' title="bbox 583 2845 1094 2932; baseline 0 -23"><span class='ocrx_word' id='word_1_148' title='bbox 583 2845 736 2928; x_wconf 90' lang='lat' dir='ltr'><strong>quoniam</strong></span> <span class='ocrx_word' id='word_1_149' title='bbox 758 2846 861 2932; x_wconf 84' lang='lat' dir='ltr'><strong>igitur</strong></span> <span class='ocrx_word' id='word_1_150' title='bbox 882 2851 971 2913; x_wconf 88' lang='lat' dir='ltr'><strong>recta</strong></span> <span class='ocrx_word' id='word_1_151' title='bbox 996 2847 1037 2910; x_wconf 90' lang='lat' dir='ltr'><strong>ab</strong></span> <span class='ocrx_word' id='word_1_152' title='bbox 1061 2850 1094 2909; x_wconf 93' lang='lat' dir='ltr'><em>A</em></span> 
     </span>
    </p>

    <p class='ocr_par' dir='ltr' id='par_1_13' title="bbox 584 2953 1094 3017">
     <span class='ocr_line' id='line_1_26' title="bbox 584 2953 1094 3017; baseline -0.002 -1"><span class='ocrx_word' id='word_1_153' title='bbox 584 2953 624 3016; x_wconf 89' lang='lat' dir='ltr'><strong>ad</strong></span> <span class='ocrx_word' id='word_1_154' title='bbox 663 2956 723 3017; x_wconf 88' lang='grc' dir='ltr'><strong>ΓΒ</strong></span> <span class='ocrx_word' id='word_1_155' title='bbox 764 2953 863 3016; x_wconf 88' lang='lat' dir='ltr'><strong>ducta</strong></span> <span class='ocrx_word' id='word_1_156' title='bbox 900 2953 1004 3017; x_wconf 87' lang='lat' dir='ltr'><strong>maior</strong></span> <span class='ocrx_word' id='word_1_157' title='bbox 1044 2956 1094 3016; x_wconf 91' lang='lat' dir='ltr'><strong>est</strong></span> 
     </span>
    </p>

    <p class='ocr_par' dir='ltr' id='par_1_14' title="bbox 583 3057 1094 3144">
     <span class='ocr_line' id='line_1_27' title="bbox 583 3057 1094 3144; baseline -0.006 -21"><span class='ocrx_word' id='word_1_158' title='bbox 583 3064 720 3144; x_wconf 88' lang='lat' dir='ltr'><strong>utraque</strong></span> <span class='ocrx_word' id='word_1_159' title='bbox 743 3065 775 3123; x_wconf 90' lang='lat' dir='ltr'><em>A</em></span> <span class='ocrx_word' id='word_1_160' title='bbox 782 3061 818 3141; x_wconf 76' lang='lat' dir='ltr'><strong>F,</strong></span> <span class='ocrx_word' id='word_1_161' title='bbox 839 3061 911 3123; x_wconf 90' lang='grc' dir='ltr'><strong>ΓΗ</strong></span> <span class='ocrx_word' id='word_1_162' title='bbox 930 3057 1094 3123; x_wconf 87' lang='lat' dir='ltr'><strong>omnibus-</strong></span> 
     </span>
    </p>

    <p class='ocr_par' dir='ltr' id='par_1_15' title="bbox 509 3165 1093 3272">
     <span class='ocr_line' id='line_1_28' title="bbox 509 3165 1093 3272; baseline -0.003 -42"><span class='ocrx_word' id='word_1_163' title='bbox 509 3223 538 3272; x_wconf 81' lang='lat' dir='ltr'><em>A</em></span> <span class='ocrx_word' id='word_1_164' title='bbox 584 3187 655 3251; x_wconf 78' lang='lat' dir='ltr'><strong>que,</strong></span> <span class='ocrx_word' id='word_1_165' title='bbox 679 3187 760 3250; x_wconf 91' lang='lat' dir='ltr'><strong>quae</strong></span> <span class='ocrx_word' id='word_1_166' title='bbox 780 3189 799 3230; x_wconf 92' lang='lat' dir='ltr'><strong>a</strong></span> <span class='ocrx_word' id='word_1_167' title='bbox 819 3168 851 3229; x_wconf 90' lang='grc' dir='ltr'>Γ</span> <span class='ocrx_word' id='word_1_168' title='bbox 868 3165 954 3229; x_wconf 88' lang='lat' dir='ltr'><strong>inter</strong></span> <span class='ocrx_word' id='word_1_169' title='bbox 971 3168 1093 3248; x_wconf 91' lang='lat' dir='ltr'><strong>puncta</strong></span> 
     </span>
    </p>

    <p class='ocr_par' dir='ltr' id='par_1_16' title="bbox 585 3271 1094 3357">
     <span class='ocr_line' id='line_1_29' title="bbox 585 3271 1094 3357; baseline -0.004 -21"><span class='ocrx_word' id='word_1_170' title='bbox 585 3276 634 3356; x_wconf 83' lang='lat' dir='ltr'><strong>H,</strong></span> <span class='ocrx_word' id='word_1_171' title='bbox 657 3278 690 3336; x_wconf 92' lang='lat' dir='ltr'><em>A</em></span> <span class='ocrx_word' id='word_1_172' title='bbox 723 3273 855 3357; x_wconf 81' lang='lat' dir='ltr'><strong>cadunt,</strong></span> <span class='ocrx_word' id='word_1_173' title='bbox 887 3271 1034 3356; x_wconf 84' lang='lat' dir='ltr'><strong>adparet,</strong></span> <span class='ocrx_word' id='word_1_174' title='bbox 1066 3271 1094 3335; x_wconf 86' lang='lat' dir='ltr'><strong>si</strong></span> 
     </span>
    </p>

    <p class='ocr_par' dir='ltr' id='par_1_17' title="bbox 98 3360 1094 3464">
     <span class='ocr_line' id='line_1_30' title="bbox 98 3360 1094 3464; baseline -0.002 -19"><span class='ocrx_word' id='word_1_175' title='bbox 98 3397 112 3438; x_wconf 78' lang='lat' dir='ltr'><strong>a</strong></span> <span class='ocrx_word' id='word_1_176' title='bbox 138 3380 281 3464; x_wconf 87' lang='lat' dir='ltr'><strong>partibus</strong></span> <span class='ocrx_word' id='word_1_177' title='bbox 316 3379 475 3463; x_wconf 87' lang='lat' dir='ltr'><strong>oppositis</strong></span> <span class='ocrx_word' id='word_1_178' title='bbox 509 3360 587 3443; x_wconf 91' lang='lat' dir='ltr'><strong>duas</strong></span> <span class='ocrx_word' id='word_1_179' title='bbox 619 3383 726 3443; x_wconf 89' lang='lat' dir='ltr'><strong>rectas</strong></span> <span class='ocrx_word' id='word_1_180' title='bbox 761 3379 846 3442; x_wconf 90' lang='lat' dir='ltr'><strong>inter</strong></span> <span class='ocrx_word' id='word_1_181' title='bbox 879 3399 912 3440; x_wconf 91' lang='lat' dir='ltr'><strong>se</strong></span> <span class='ocrx_word' id='word_1_182' title='bbox 945 3378 1094 3460; x_wconf 88' lang='lat' dir='ltr'><strong>aequales</strong></span> 
     </span>
    </p>

    <p class='ocr_par' dir='ltr' id='par_1_18' title="bbox 99 3483 1095 3572">
     <span class='ocr_line' id='line_1_31' title="bbox 99 3483 1095 3572; baseline 0.004 -26"><span class='ocrx_word' id='word_1_183' title='bbox 99 3483 275 3572; x_wconf 86' lang='lat' dir='ltr'><strong>duxerimus,</strong></span> <span class='ocrx_word' id='word_1_184' title='bbox 298 3489 420 3550; x_wconf 89' lang='lat' dir='ltr'><strong>rectam</strong></span> <span class='ocrx_word' id='word_1_185' title='bbox 444 3509 463 3550; x_wconf 91' lang='lat' dir='ltr'><strong>a</strong></span> <span class='ocrx_word' id='word_1_186' title='bbox 483 3488 515 3549; x_wconf 94' lang='grc' dir='ltr'><strong><em>Γ</em></strong></span> <span class='ocrx_word' id='word_1_187' title='bbox 533 3486 663 3550; x_wconf 87' lang='lat' dir='ltr'><strong>ductam</strong></span> <span class='ocrx_word' id='word_1_188' title='bbox 682 3489 773 3550; x_wconf 84' lang='lat' dir='ltr'><strong>extra</strong></span> <span class='ocrx_word' id='word_1_189' title='bbox 790 3487 830 3547; x_wconf 91' lang='lat' dir='ltr'><em>H</em></span> <span class='ocrx_word' id='word_1_190' title='bbox 849 3505 997 3548; x_wconf 86' lang='lat' dir='ltr'><strong>casuram</strong></span> <span class='ocrx_word' id='word_1_191' title='bbox 1016 3506 1095 3551; x_wconf 86' lang='lat' dir='ltr'><strong>esse.</strong></span> 
     </span>
    </p>
   </div>
   <div class='ocr_carea' id='block_1_5' title="bbox 0 0 1259 3938">
    <p class='ocr_par' dir='ltr' id='par_1_19' title="bbox 0 0 1259 3938">
     <span class='ocr_line' id='line_1_32' title="bbox 0 0 1259 3938; baseline 0 0"><span class='ocrx_word' id='word_1_192' title='bbox 0 0 1259 3938; x_wconf 95' lang='lat' dir='ltr'><strong> </strong></span> 
     </span>
    </p>
   </div>
  </div>
 </body>
</html>
