2574 3934
517 183 731 239 PRAEFATIO.
1088 186 1129 240 XI

95 331 212 416 figura
238 329 413 415 inuenitur,
438 352 536 415 quam
559 330 777 416 adposuimus,
803 352 920 397 conum
942 353 1126 416 repraesen-

95 441 180 502 tans
205 435 339 521 nigrum
361 437 396 501 in
420 436 558 521 sphaera
581 437 670 502 lutea
686 437 895 522 inscriptum3
919 459 1001 521 quae
1019 440 1126 524 figura

412 566 488 608 oum
511 544 610 608 etiam
633 544 669 607 in
692 545 760 608 ood.
780 543 935 609 Ottobon.
959 545 1015 609 lat.
1039 544 1125 611 1850

413 654 529 734 exstet,
552 649 607 733 qui
626 654 660 713 et
678 649 747 733 ipse
763 649 910 715 Andreae
926 651 1043 716 Coneri
1061 652 1125 717 fuit

413 755 457 844 (u.
476 756 638 821 Abhandl.
657 779 682 820 z.
703 755 817 822 Gesoh.
837 758 865 822 d.
880 756 1024 822 Math.V
1038 782 1068 842 p.
1080 757 1125 845 3),

414 864 544 949 signum
559 867 609 928 est
623 884 661 927 ex
675 862 768 927 libris
784 864 870 948 quod
884 869 1021 929 uocatur
1034 864 1124 930 illius

132 941 351 1112 Q
412 969 475 1034 uiri
505 969 730 1056 mathematici
758 970 840 1035 mihi
867 970 973 1056 ignoti
1002 972 1042 1036 ad
1069 994 1125 1036 no·
1163 987 1164 992 ’
1284 987 1285 1026 1

412 1099 486 1141 rnen
506 1076 575 1141 eius
591 1075 753 1140 adludens
784 1076 873 1140 tituli
888 1082 964 1142 sunt
983 1080 1125 1163 σερήνου

102 1188 268 1265 ἀντισὲως
294 1185 370 1274 περὶ
395 1184 579 1269 κυλίνδρου
608 1191 708 1265 τομῆς
740 1187 773 1247 66
801 1185 944 1269 σερήνου
967 1184 1126 1262 dorcadas

103 1295 184 1383 περὶ
213 1317 287 1362 oum
314 1295 439 1359 lacuna.
495 1290 564 1355 sine
592 1288 690 1353 dubio
719 1307 758 1353 er
784 1289 857 1375 ipso
884 1290 916 1355 V
944 1292 1124 1378 descriptus

104 1409 172 1488 est3
207 1401 326 1467 desinit
349 1400 435 1465 enim
459 1397 495 1461 in
517 1398 579 1480 τὴν
604 1400 632 1460 Θ
655 1395 754 1478 βάσιν
776 1420 806 1480 p.
827 1397 908 1483 302,
930 1400 965 1483 4,
998 1404 1035 1463 ut
1058 1398 1125 1464 Vw

105 1510 185 1593 soli,
213 1530 273 1573 neo
301 1530 320 1571 6
342 1530 372 1571 w
399 1505 531 1589 pendet,
560 1502 714 1587 quoniam
741 1502 777 1565 in
803 1503 911 1587 priore
934 1504 1046 1570 Iiber
1070 1505 1124 1589 λη’

106 1615 351 1703 propositiones
374 1614 534 1696 numerat,
556 1633 586 1674 w
610 1613 719 1673 autem
743 1608 805 1695 λς’,
827 1610 862 1673 in
881 1611 983 1676 altero
1002 1613 1125 1696 primas

108 1722 168 1810 pd'
188 1722 274 1788 solas
297 1719 441 1784 numeris
465 1717 586 1804 signat,
611 1739 683 1781 oum
706 1740 736 1781 w
759 1718 799 1780 ad
822 1714 870 1793 ξε’
888 1719 1124 1804 progrediatur.

110 1831 168 1895 sod
186 1833 277 1894 totus
296 1828 396 1894 oodex
415 1828 579 1890 correctus
599 1825 650 1886 est
669 1822 709 1886 ab
728 1821 860 1886 homine
877 1844 945 1888 non
962 1823 1125 1911 imperit0,

112 1937 170 2002 sed
193 1934 372 2000 audaciore.
1177 1917 1180 1922 ¹

179 2040 255 2106 Alia
279 2039 424 2106 subsidia
445 2041 574 2122 praeter
598 2035 723 2101 codices
750 2058 854 2121 pauoa
881 2038 1013 2124 adsoni,
1040 2030 1126 2105 inte'r

111 2171 208 2234 quoe,
239 2153 276 2212 ut
304 2146 401 2230 solet,
432 2145 529 2230 longe
556 2143 699 2228 primum
727 2142 836 2209 locum
864 2145 990 2211 obtinet
1019 2145 1126 2212 Oom-

111 2253 314 2321 mandinus
347 2249 499 2339 (Com,
532 2250 564 2314 h.
588 2272 614 2314 e.
644 2248 755 2314 Sereni
782 2250 990 2317 Antinsensis
1022 2254 1127 2339 philo·

114 2362 208 2448 sophi
235 2361 312 2426 libri
340 2361 418 2444 dua,
450 2379 533 2422 unus
563 2357 601 2420 de
626 2355 768 2421 sectione
792 2358 944 2443 cylindri,
977 2360 1059 2425 alter
1088 2363 1125 2426 de

113 2468 255 2535 sectione
288 2467 375 2550 ooni,
411 2487 431 2529 a
462 2462 616 2528 Federioo
650 2460 884 2529 Commandino
916 2463 1075 2532 Urbinate
1108 2490 1126 2532 6

114 2574 237 2640 Graeco
261 2572 410 2640 conuersi
436 2575 470 2636 et
498 2569 739 2636 commentariis
762 2569 932 2657 illustrati,
959 2572 1126 2638 Bononiae

117 2683 198 2747 1666
222 2680 293 2765 fol„
314 2679 453 2763 repetita
476 2675 611 2741 Pistorii
636 2673 751 2762 1696),
777 2675 833 2760 qui
856 2678 977 2745 multos
1001 2701 1125 2745 errores

115 2789 211 2854 tacite
226 2786 372 2870 sustulit3
386 2784 502 2849 habuit
511 2783 654 2848 oodioem
665 2781 866 2849 Marcianum
882 2782 1126 2871 (u.Apollon.II

115 2918 144 2980 p.
157 2891 354 2980 LXXXIII).
390 2896 500 2978 partes
514 2890 683 2974 utriusque
699 2891 805 2975 operis
823 2892 1057 2978 interpretatus
1077 2899 1127 2959 est

117 3001 274 3087 Georgius
297 2999 395 3065 Ualla
417 2999 467 3063 De
486 3001 590 3082 expet.
609 3001 642 3061 66
665 2997 732 3083 fug.
746 2998 843 3064 rebus
858 2998 948 3085 XIII,
962 3001 992 3064 4.
1028 3000 1128 3066 inter-

116 3108 330 3194 pretationem
353 3104 472 3170 Marini
492 3103 644 3168 Ghetaldi
663 3101 825 3191 (Uenetiis
843 3104 943 3193 1607)
966 3128 1033 3171 non
1051 3107 1127 3170 uidi.

116 3213 244 3280 Nizzius
278 3211 432 3301 (Serenus
460 3232 526 3277 von
552 3208 688 3275 Antissa
720 3212 800 3278 iiber
828 3213 889 3277 den
914 3211 1043 3278 Sohnitt
1071 3214 1126 3277 des

119 3319 296 3408 Cylinders‚
333 3318 504 3384 Strulsund
539 3318 637 3401 1860,
674 3315 783 3383 Ueber
814 3319 876 3384 den
909 3317 1039 3384 Sohnitt
1072 3319 1127 3384 des

117 3427 249 3515 Kegels‚
280 3426 356 3491 ibid.
382 3421 497 3510 1861),
530 3424 585 3508 qui
612 3423 789 3490 editionem
816 3426 953 3510 parabat
983 3425 1128 3491 collatio-

118 3557 233 3619 nesque
249 3533 396 3599 codicum
405 3528 649 3596 Monacensium
664 3533 697 3594 et
711 3529 744 3594 N
746 3530 996 3616 orimbergensis
1012 3532 1127 3596 habuit
