2488 3938
159 199 201 263 52
429 201 516 250 ΠΕΡΙ
533 199 747 250 ΚΤΛΙΝΔΡΟΤ
765 199 902 252 ΤΟΜΗΣ.

158 342 346 428 βανομένην
368 345 450 429 πρὸς
468 353 508 428 τῇ
526 351 608 427 τομῇ
628 341 778 407 ἐλλεῖπον
797 343 878 407 εῖδει
896 341 999 430 ὁμοίῳ
1018 351 1063 430 τῷ
1082 364 1188 427 περι-

160 450 302 539 εχομένῳ
331 450 395 516 ὑπὸ
423 459 481 534 της
504 448 682 534 διαμέτρου
705 447 761 513 καὶ
784 458 841 532 της
863 452 976 534 τρίτης
999 447 1186 531 ἀνάλογον.

228 578 309 640 ἔστω
342 576 524 659 κυλίνδρου
558 575 656 658 τομή,
683 568 723 656 ης
750 573 924 658 διάμετρος
953 569 1014 657 μὲν
1049 573 1069 656 ἡ
1098 577 1187 656 ΑΒ,

160 680 297 767 δευτέρα
327 678 364 746 δέ
390 681 565 765 διάμετρος
587 679 607 762 η
633 683 712 763 ΓΔ,
734 677 790 743 καὶ
812 678 972 762 γενέσθω,
996 679 1041 755 ὡς
1064 680 1084 763 η
1108 686 1145 743 Α
1152 685 1185 744 Β

125 800 141 848 5
160 789 243 876 πρὸς
261 790 322 872 την
342 791 418 871 ΓΛ,
437 787 542 863 οὕτως
560 785 580 869 ἡ
601 789 665 850 ΓΔ
687 787 771 871 πρὸς
792 787 853 869 την
872 789 953 869 ΑΗ,
976 783 1031 849 καὶ
1050 789 1185 850 κείσθω

159 895 179 978 ἡ
204 899 280 960 ΑΗ
299 896 381 980 πρὸς
404 893 510 980 ὀρθὰς
533 903 572 979 τῇ
592 896 668 976 ΑΒ,
691 890 746 956 καὶ
770 891 954 976 ἐπεζεύχθω
977 891 998 975 ἡ
1017 896 1097 975 ΒΗ,
1120 892 1185 957 καὶ

160 1000 213 1067 ἐπὶ
242 1003 303 1086 την
331 1005 397 1066 ΑΒ
424 1002 519 1084 ἤχθω
547 996 751 1083 τεταγμένως
778 999 798 1082 η
821 1003 900 1082 ΕΖ,
925 996 980 1062 καλ
1002 1000 1093 1085 παρὰ
1116 1001 1184 1084 μὲν

160 1110 221 1192 την
244 1111 321 1172 AH
339 1107 359 1190 ἡ
385 1111 462 1190 ΖΘ,
490 1106 579 1193 παρὰ
602 1101 640 1169 δὲ
662 1106 723 1188 την
747 1109 813 1169 ΑΖ
836 1104 856 1188 ἡ
883 1108 956 1170 ΘΚ.
1002 1104 1102 1188 λέγω,
1126 1107 1185 1172 ὅτι

160 1215 197 1278 τὸ
226 1211 289 1278 ἀπὸ
317 1222 376 1295 τῆς
397 1217 461 1277 ΕΖ
486 1219 559 1277 ίσον
582 1210 651 1277 ἐστὶ
674 1221 719 1299 τῷ
744 1218 776 1276 Α
783 1216 812 1276 Θ
834 1212 1182 1300 παραλληλογράμμῳ.

113 1350 146 1397 10
232 1337 315 1420 ἐπεί,
348 1337 393 1414 ὡς
419 1339 456 1402 τὸ
485 1337 548 1402 ἀπὸ
576 1345 634 1421 της
656 1340 724 1401 ΑΒ
753 1337 836 1421 πρὸς
863 1337 900 1401 τὸ
928 1335 991 1401 ἀπὸ
1018 1345 1077 1420 της
1101 1341 1183 1420 ΓΔ,

162 1444 268 1520 οὕτως
289 1444 310 1527 ἡ
330 1451 362 1510 Α
368 1449 396 1510 Β
413 1446 496 1530 πρὸς
514 1446 575 1528 την
594 1447 674 1528 ΑΗ,
692 1442 863 1508 τουτέστιν
881 1442 901 1526 ἡ
920 1447 985 1508 ΒΖ
1003 1445 1087 1525 πρὸς
1108 1450 1181 1528 ΖΘ,

162 1549 234 1616 ἀλλ’
265 1552 310 1628 ὡς
336 1549 397 1636 μὲν
424 1553 461 1616 τὸ
490 1551 554 1616 ἀπὸ
582 1559 640 1633 τῆς
667 1554 733 1614 ΑΒ
760 1551 844 1637 πρὸς
870 1550 908 1614 τὸ
932 1549 995 1614 ἀπὸ
1018 1559 1077 1633 τῆς
1101 1555 1181 1633 ΓΔ,

162 1658 268 1735 οὕτως
289 1660 326 1724 τὸ
349 1659 415 1723 ὑπὸ
434 1662 507 1740 ΒΖ,
528 1663 593 1722 ΖΑ
616 1659 699 1743 πρὸς
718 1660 755 1722 τὸ
774 1656 838 1721 ἀπὸ
858 1661 931 1740 ΕΖ,
954 1656 1000 1733 ὡς
1018 1653 1094 1740 δδη
1116 1663 1181 1723 ΒΖ

161 1767 244 1852 πρὸς
269 1770 346 1849 ΖΘ,
374 1765 481 1841 οὕτως
507 1766 544 1829 τὸ
569 1764 634 1829 ὑπὸ
658 1767 733 1847 ΒΖ,
758 1769 823 1828 ΖΑ
846 1763 930 1849 πρὸς
952 1764 989 1828 τὸ
1012 1763 1077 1829 ὑπὸ
1105 1771 1180 1849 ΘΖ,

110 1883 142 1931 15
164 1877 238 1955 ΖΑ,
261 1871 410 1937 τουτέστι
432 1873 469 1935 τὸ
493 1875 561 1936 ΑΘ
582 1873 941 1956 παραλληλόγραμμον,
963 1871 1001 1935 τὸ
1024 1873 1089 1958 ἄρα
1114 1871 1179 1938 ἀπὸ

161 1987 219 2061 τῆς
237 1982 300 2042 ΕΖ
325 1984 398 2042 ῖσον
416 1976 485 2043 ἐστὶ
504 1987 548 2066 τῳ
569 1984 601 2042 Α
610 1983 651 2064 Θ,
670 1977 687 2042 ὃ
706 1977 899 2063 παράκειται
917 1977 1006 2064 παρὰ
1024 1979 1086 2061 την
1105 1983 1184 2044 ΑΗ

161 2086 276 2169 τρίτην
304 2083 469 2166 ἀνάλογον
495 2085 617 2161 πλάτος
644 2087 720 2168 ἐχον
746 2086 807 2168 την
831 2089 863 2148 Α
870 2088 897 2148 Ζ
921 2083 1072 2149 ἐλλεῖπον
1095 2088 1178 2150 εῖδει

161 2199 206 2278 τῳ
229 2190 294 2255 ὑπὸ
318 2194 425 2256 ΗΚΘ
447 2190 550 2278 ὁμοίῳ
574 2200 619 2278 τῳ
642 2191 707 2256 ὑπὸ
730 2194 846 2254 ΗΑΒ.

227 2318 393 2380 καλείσθω
413 2313 449 2380 δέ
467 2314 488 2398 ἡ
507 2312 568 2399 μὲν
585 2319 650 2380 ΑΒ
668 2318 813 2396 πλαγία
831 2322 890 2378 τοῦ
910 2315 1022 2391 εἴδους
1039 2316 1177 2403 πλευραί,

110 2422 182 2505 2οη
206 2419 243 2487 δὲ
266 2426 342 2486 AH
361 2421 481 2509 ὀρθία
503 2430 564 2486 τοῦ
587 2422 698 2496 είδους
720 2420 854 2507 πλευραί.

231 2548 366 2611 Τούτων
389 2546 495 2623 οὕτως
517 2545 661 2630 ἐχόντων
679 2547 825 2631 φανερόν
844 2543 944 2627 ἐστιν,
966 2544 1016 2609 ὅτι
1035 2547 1056 2629 ἡ
1075 2550 1181 2613 ΑΒΓ

160 2661 220 2716 τοῦ
247 2654 428 2738 κυλίνδρου
451 2654 533 2736 τομη
558 2654 700 2729 ἔλλειψίς
723 2649 826 2716 ἐστιν·
856 2651 916 2715 ὅσα
939 2651 1003 2738 γὰρ
1027 2651 1177 2720 ἐνταῦθα

161 2766 200 2842 τῇ
229 2769 310 2843 τομῇ
343 2757 476 2842 ἐδείχθη
507 2757 713 2845 ὑπάρχοντα,
747 2757 853 2822 πάντα
886 2757 1008 2841 ὁμοίως
1039 2758 1094 2824 καὶ
1124 2760 1176 2827 ἐπὶ

161 2873 221 2928 τοῦ
244 2865 354 2930 κώνου
378 2875 417 2950 τῇ
441 2864 582 2943 ἐλλείψει
605 2864 766 2949 ὑπῆρχεν,
790 2864 835 2940 ὡς
858 2863 894 2928 ἐν
917 2875 987 2940 τοῖς
1009 2868 1176 2945 Κυνικοῖς

112 2985 145 3032 26
164 2973 332 3036 δείκνυται
361 2973 552 3059 θεωρήματι
582 2970 622 3036 ιε’
655 2982 725 3048 τοῖς
752 2969 951 3054 δυναμένοις
978 2970 1087 3054 λέγειν
1114 2977 1175 3060 τὴν
1240 3019 1242 3064 3

165 3078 334 3165 ἀκρίβειαν
357 3089 417 3144 τοῦ
440 3081 668 3166 θεωρήματος,
691 3075 746 3142 καὶ
768 3077 860 3161 ἡμεῖς
884 3076 920 3142 ἐν
938 3088 1008 3154 τοῖς
1025 3081 1073 3156 είς
1091 3081 1174 3146 αὐτὰ

163 3184 374 3269 ὑπομνήμασι
398 3196 621 3271 γεωμετρικῶς
643 3183 864 3268 ἀπεδείξαμεν.

235 3421 259 3469 5.
278 3415 349 3488 ΑΗ]
369 3431 529 3540 οοοιτ.ῳ.ἐ
563 3419 587 3468 9.
607 3413 676 3485 ἀπό]
696 3430 766 3483 vop,
785 3413 818 3467 ἀ·
832 3429 847 3468 ε
862 3429 930 3467 corr.
945 3413 1052 3469 m.1V.
1109 3418 1171 3490 ΕΖ]

166 3489 249 3541 ΕΤΖ
267 3503 289 3542 ο.
364 3492 404 3542 10.
425 3485 496 3559 ἐπε]
530 3485 577 3539 πελ
595 3482 648 3554 ηιίρ
666 3503 693 3554 p.
767 3490 808 3541 11.
831 3485 899 3557 ΖΘ]
918 3484 969 3554 τὴν
991 3488 1171 3558 ΖΘρ(ουω

165 3556 234 3611 alibi
252 3557 309 3613 fere
326 3561 392 3628 post
410 3557 480 3628 πρός
498 3556 648 3611 articulum
666 3555 797 3628 omsttat).
857 3562 897 3611 13.
920 3561 968 3611 ΖΑ
987 3589 1022 3598 -
1036 3559 1099 3631 ΒΖ]
1119 3577 1170 3614 om.

737 3710 747 3744 ί
