2574 3934
159 153 203 216 ηρ
429 153 516 204 ΠΕΡΙ
534 150 748 204 mummi
767 152 903 204 ΤοΜΗΣ.

160 295 250 384 πέδῳ
270 295 363 385 ὀρθῳ
383 318 417 360 τε
435 297 518 377 πρὸς
536 296 573 360 τὸ
592 296 648 359 διά
667 303 727 360 τοῦ
746 293 862 372 ἄξονος
880 296 1178 380 παραλληλόγραμ-

161 427 226 487 μον
248 401 304 467 καὶ
326 411 479 467 ποιοῦντι
501 404 562 486 τὴν
584 403 700 486 κοινῆν
722 403 827 486 τομῆν
849 401 886 466 έν
904 409 949 488 τῳ
967 406 1177 487 παραλληλο-

162 509 300 597 γράμμῳ
328 508 465 574 εὐθεῖαν
493 513 566 584 ίσας
592 505 653 592 μέν
675 517 842 573 ’ποιοῦσαν
869 511 992 590 γωνίας
1009 519 1089 583 ,ταῖς
1113 515 1176 572 τοῦ

164 616 518 700 παραλληλογράμμου,
541 616 585 699 μη
608 614 820 700 παράλληλον
843 611 880 679 δέ
903 610 1008 680 οὖσαν
1026 625 1098 690 ταῖς
1115 613 1176 696 βά-

128 733 234 810 5σεσι
270 731 329 787 τοῦ
361 721 720 809 παραλληλογράμμου,
756 722 776 805 ἤ
808 723 891 806 τομὴ
922 721 1043 797 κύκλος
1074 723 1177 802 ἔσται,

163 833 329 895 καλείσθω
363 824 399 893 δέ
431 827 450 910 ἡ
479 828 615 910 τοιαύτη
644 827 755 911 άγωγῆ
785 836 846 892 τοῦ
875 824 1031 892 ἐπιπέδου
1058 825 1176 890 ὑπεν-

163 939 284 1001 αντία.
385 991 389 995 .

230 1045 312 1107 ἔστω
341 1041 504 1134 σκαληνὸς
530 1040 722 1125 κύλινδρος,
755 1035 795 1105 οὗ
823 1041 859 1104 τὸ
888 1040 945 1103 διὰ
970 1047 1030 1103 τοῦ
1059 1037 1178 1116 άξονος

162 1149 506 1232 παραλληλόγραμμον
536 1150 616 1212 έστω
649 1147 686 1211 τὸ
716 1153 749 1211 Α
755 1152 788 1210 Δ
816 1147 899 1232 πρὸς
930 1145 1037 1231 ὀρθὰς
1066 1145 1107 1210 δν
1136 1155 1178 1230 τῇ

115 1264 148 1312 10
166 1253 276 1337 βάσει,
299 1254 471 1337 τετμήσθω
491 1249 528 1316 δὲ
546 1252 563 1318 ὁ
582 1253 759 1338 κύλινδρος
776 1251 831 1317 καὶ
852 1250 951 1340 έτέρῳ
970 1250 1112 1339 ἐπιπέδῳ
1130 1261 1179 1340 τῳ

163 1363 273 1424 ΕΖΗ
292 1359 385 1446 ὀρθῷ
408 1357 464 1423 καὶ
482 1359 570 1447 αύτῳ
589 1360 672 1445 πρὸς
689 1360 727 1424 τὸ
745 1365 778 1423 Α
783 1365 816 1423 Δ
833 1361 1179 1445 παραλληλόγραμμον

163 1464 220 1531 καλ
246 1474 400 1531 ποιοῦντι
428 1465 464 1530 ἐν
488 1465 576 1553 αὐτῷ
600 1468 716 1549 κοινῆν
738 1467 842 1550 τομῆν
864 1466 925 1549 τῆν
948 1470 1021 1530 ΕΗ
1039 1465 1178 1530 εὐθεῖαν

164 1575 207 1658 μῆ
235 1573 446 1657 παράλληλον
475 1569 535 1658 μὲν
565 1585 636 1649 ταῖς
663 1577 743 1656 ΑΒ,
768 1576 845 1656 ΓΔ,
879 1579 952 1648 ίσας
985 1568 1022 1637 δὲ
1053 1575 1179 1654 γωνίας

164 1689 328 1745 ποιοῦσαν
355 1681 417 1763 τῆν
443 1676 503 1765 μὲν
530 1680 595 1745 ὑπὸ
618 1684 725 1743 ΗΕΑ
752 1688 791 1764 τῆ
818 1679 883 1744 ὑπὸ
907 1683 1024 1762 ΕΑΒ,
1051 1679 1113 1762 την
1139 1675 1179 1743 δὲ

114 1797 146 1844 15
164 1787 229 1852 ὑπὸ
257 1791 360 1851 ΕΗΒ
388 1795 428 1871 τη
454 1786 520 1851 ὑπὸ
548 1790 663 1850 ΑΒΗ.
709 1785 807 1869 λέγω,
835 1785 886 1851 ὅτι
913 1785 933 1869 ἤ
961 1789 1071 1849 ΕΖΗ
1093 1787 1178 1869 τομὴ

164 1895 285 1969 κύκλος
308 1893 407 1957 ἐστίν.
1276 1945 1277 1972 ,

232 2000 383 2082 είλῆῳθω
408 2022 439 2062 τι
462 2011 598 2083 σημεῖον
622 1997 674 2064 ἐπὶ
692 2007 750 2082 τῆς
767 2003 842 2064 ΕΗ
856 1999 989 2074 εὐθείας
1006 1999 1043 2062 τὸ
1064 2001 1103 2081 Ε,
1122 1995 1179 2062 καλ

165 2106 248 2189 πρὸς
270 2103 377 2190 ὀρθάς
399 2113 438 2190 τῇ
462 2109 536 2168 ΕΗ
553 2106 647 2189 ἤχθω
671 2104 691 2187 ἤ
713 2110 774 2170 ΘΖ
793 2105 829 2171 ἐν
847 2115 893 2193 τῳ
912 2108 1020 2171 ΕΖΗ
1034 2103 1177 2191 ἐπιπέδῳ

167 2206 264 2275 οὖσα·
301 2211 321 2294 ἡ
346 2215 410 2275 ΖΘ
428 2213 492 2298 ἄρα
514 2211 655 2288 κάθετός
677 2211 767 2277 ἐστιν
790 2210 843 2277 ἐπὶ
865 2213 902 2277 τὸ
924 2216 993 2276 ΑΛ
1012 2210 1178 2276 ἐπίπεδον.

114 2329 148 2377 20
166 2318 261 2401 ἤχθω
289 2319 345 2382 διά
376 2327 436 2383 τοῦ
471 2323 499 2383 Θ
530 2329 569 2404 τῇ
602 2323 668 2382 AB
695 2319 904 2403 παράλληλος
930 2318 951 2402 ἤ
978 2320 1095 2402 ΚΕΛ,
1122 2316 1181 2382 καλ

166 2427 291 2490 κείσθω
314 2433 353 2510 τῇ
377 2429 442 2489 AB
465 2426 548 2511 πρὸς
571 2423 677 2510 ὀρθάς
699 2424 718 2508 ἤ
739 2429 833 2509 ΜΝ,
856 2423 911 2490 καὶ
933 2424 989 2489 διά
1012 2435 1079 2490 τῶν
1104 2429 1180 2509 ΖΘ,

168 2534 236 2594 ΚΛ
266 2531 361 2614 ἤχθω
393 2531 548 2596 ἐπίπεδον
575 2540 696 2596 ποιοῦν
725 2533 787 2615 τῆν
816 2535 851 2596 K
855 2535 919 2596 ΖΛ
945 2533 1058 2615 τομῆν.
1109 2530 1181 2596 ἐπεὶ

168 2633 230 2701 οὖν
257 2636 277 2719 ἡ
305 2642 388 2702 ΜΝ
405 2637 546 2714 κάθετός
573 2637 663 2703 ἐστιν
687 2635 740 2703 ἐπὶ
762 2639 823 2722 τῆν
846 2643 911 2703 ΑΒ
935 2639 1051 2721 κοινῆν
1073 2640 1180 2722 τομὴν

168 2753 236 2806 τῶν
255 2741 418 2808 ἐπιπέδων
437 2743 473 2808 ἐν
491 2753 536 2832 τῷ
555 2753 612 2827 της
630 2744 756 2827 βάσεως
775 2742 916 2832 ἐπιπέδῳ
932 2740 1025 2828 οὖσα,
1038 2744 1180 2820 κάθετος

116 2859 150 2908 25
169 2850 233 2934 άρα
261 2846 350 2912 ἐστὶν
378 2849 397 2933 ἤ
426 2854 509 2915 ΜΝ
531 2847 585 2915 ἐπὶ
612 2851 649 2915 τὸ
677 2855 747 2915 ΑΔ
774 2849 941 2915 ἐπίπεδον·
974 2850 1180 2936 παράλληλοι

169 2957 233 3040 άρα
261 2952 345 3018 είσὶν
373 2955 411 3019 αί
437 2959 513 3038 ΖΘ,
537 2960 623 3021 ΜΝ.
669 2956 872 3041 παράλληλοι
900 2952 936 3020 δὲ
964 2954 1019 3021 καὶ
1042 2957 1079 3021 αί
1099 2960 1180 3041 ΚΛ,

242 3224 266 3274 6.
286 3217 334 3288 -γὴ
353 3225 401 3272 τοῦ
420 3215 566 3290 ἐπιπέδου]
586 3217 637 3274 ins.
657 3218 688 3272 in
707 3236 760 3274 ras.
779 3236 815 3274 m.
837 3225 851 3272 1
870 3237 897 3288 p.
975 3224 1016 3274 14.
1036 3219 1104 3273 Posi
1123 3219 1179 3274 ὑπό

170 3291 232 3360 (pr.)
250 3288 342 3344 iacun.
357 3288 491 3343 dimidiae
509 3288 567 3344 fere
583 3289 675 3344 lineae
689 3289 715 3343 V
728 3289 805 3360 (quia
819 3289 932 3344 litterae
946 3306 980 3344 ex
993 3289 1084 3345 altera
1097 3293 1180 3358 parte

171 3360 297 3415 eiusdem
310 3359 372 3414 folii
387 3360 513 3414 chartam
527 3361 757 3431 maculauerant).
813 3366 854 3415 15.
873 3362 974 3433 ΑΒΗ]
987 3380 1015 3431 p,
1034 3365 1093 3415 ΑΗ
1096 3366 1118 3414 Β
1128 3361 1180 3416 Vc.

208 3436 249 3485 16.
270 3428 355 3502 ἐστίν]
376 3429 451 3486 ἔσται
468 3449 495 3501 p.
564 3435 606 3487 18.
625 3431 718 3502 ἤχθω]
737 3430 817 3502 ἤχθω
837 3433 937 3487 εύθεία
955 3450 981 3500 p.
1056 3438 1096 3486 19.
1116 3435 1179 3505 ΑΔ]

172 3516 247 3574 vpp,
267 3518 334 3555 corr.
355 3517 389 3555 ex
407 3504 461 3558 ΑΘ
479 3519 515 3556 m.
537 3510 549 3555 1
569 3501 603 3557 V.
676 3505 719 3555 20.
738 3503 783 3574 τῇ]
802 3521 833 3572 p,
852 3503 903 3571 τήν
921 3502 998 3558 Vve.
