<?xml version="1.0" encoding="UTF-8"?>
<!DOCTYPE html PUBLIC "-//W3C//DTD XHTML 1.0 Transitional//EN"
    "http://www.w3.org/TR/xhtml1/DTD/xhtml1-transitional.dtd">
<html xmlns="http://www.w3.org/1999/xhtml" xml:lang="en" lang="en">
 <head>
  <title>
</title>
<meta http-equiv="Content-Type" content="text/html;charset=utf-8" />
  <meta name='ocr-system' content='tesseract 3.04.00' />
  <meta name='ocr-capabilities' content='ocr_page ocr_carea ocr_par ocr_line ocrx_word'/>
</head>
<body>
  <div class='ocr_page' id='page_1' title='image "./sereniantinoens00heibgoog_0124.png"; bbox 0 0 2488 3938; ppageno 0'>
   <div class='ocr_carea' id='block_1_1' title="bbox 339 200 1063 264">
    <p class='ocr_par' dir='ltr' id='par_1_1' title="bbox 339 200 1063 264">
     <span class='ocr_line' id='line_1_1' title="bbox 339 200 1063 264; baseline 0.003 -12"><span class='ocrx_word' id='word_1_1' title='bbox 339 203 389 252; x_wconf 77' lang='lat' dir='ltr'>Du</span> <span class='ocrx_word' id='word_1_2' title='bbox 408 202 584 254; x_wconf 81' lang='lat' dir='ltr'>SECTIONE</span> <span class='ocrx_word' id='word_1_3' title='bbox 603 203 780 254; x_wconf 86' lang='lat' dir='ltr'>CYLINDRI.</span> <span class='ocrx_word' id='word_1_4' title='bbox 1022 200 1063 264; x_wconf 83' lang='lat'>99</span> 
     </span>
    </p>
   </div>
   <div class='ocr_carea' id='block_1_2' title="bbox 499 415 615 480">
    <p class='ocr_par' dir='ltr' id='par_1_2' title="bbox 499 415 615 480">
     <span class='ocr_line' id='line_1_2' title="bbox 499 415 615 480; baseline 0 0"><span class='ocrx_word' id='word_1_5' title='bbox 499 415 615 480; x_wconf 89' lang='lat' dir='ltr'>XXIX.</span> 
     </span>
    </p>
   </div>
   <div class='ocr_carea' id='block_1_3' title="bbox 64 556 1064 3508">
    <p class='ocr_par' dir='ltr' id='par_1_3' title="bbox 64 556 1064 856">
     <span class='ocr_line' id='line_1_3' title="bbox 124 556 1064 641; baseline 0.001 -20"><span class='ocrx_word' id='word_1_6' title='bbox 124 556 241 622; x_wconf 87' lang='lat' dir='ltr'>Rectae</span> <span class='ocrx_word' id='word_1_7' title='bbox 270 557 311 620; x_wconf 91' lang='lat' dir='ltr'>ab</span> <span class='ocrx_word' id='word_1_8' title='bbox 340 558 453 621; x_wconf 90' lang='lat' dir='ltr'>eodem</span> <span class='ocrx_word' id='word_1_9' title='bbox 480 562 601 640; x_wconf 88' lang='lat' dir='ltr'>puncto</span> <span class='ocrx_word' id='word_1_10' title='bbox 630 556 832 641; x_wconf 89' lang='lat' dir='ltr'>superficiem</span> <span class='ocrx_word' id='word_1_11' title='bbox 856 556 1064 640; x_wconf 85' lang='lat' dir='ltr'>cylindricam</span> 
     </span>
     <span class='ocr_line' id='line_1_4' title="bbox 66 662 1062 749; baseline 0.003 -24"><span class='ocrx_word' id='word_1_12' title='bbox 66 663 281 749; x_wconf 82' lang='lat' dir='ltr'>contingentes</span> <span class='ocrx_word' id='word_1_13' title='bbox 306 664 347 728; x_wconf 87' lang='lat' dir='ltr'>ab</span> <span class='ocrx_word' id='word_1_14' title='bbox 370 667 507 746; x_wconf 86' lang='lat' dir='ltr'>utraque</span> <span class='ocrx_word' id='word_1_15' title='bbox 530 668 623 748; x_wconf 83' lang='lat' dir='ltr'>parte</span> <span class='ocrx_word' id='word_1_16' title='bbox 642 685 753 728; x_wconf 88' lang='lat' dir='ltr'>omnes</span> <span class='ocrx_word' id='word_1_17' title='bbox 771 685 829 747; x_wconf 89' lang='lat' dir='ltr'>per</span> <span class='ocrx_word' id='word_1_18' title='bbox 847 662 951 727; x_wconf 90' lang='lat' dir='ltr'>latera</span> <span class='ocrx_word' id='word_1_19' title='bbox 968 664 1062 728; x_wconf 89' lang='lat' dir='ltr'>unius</span> 
     </span>
     <span class='ocr_line' id='line_1_5' title="bbox 64 769 576 856; baseline 0.004 -25"><span class='ocrx_word' id='word_1_20' title='bbox 64 769 350 856; x_wconf 77' lang='lat' dir='ltr'>parallelogrammi</span> <span class='ocrx_word' id='word_1_21' title='bbox 374 770 576 855; x_wconf 78' lang='lat' dir='ltr'>contingunt.</span> 
     </span>
    </p>

    <p class='ocr_par' dir='ltr' id='par_1_4' title="bbox 64 876 1064 1387">
     <span class='ocr_line' id='line_1_6' title="bbox 123 876 1063 962; baseline 0.002 -22"><span class='ocrx_word' id='word_1_22' title='bbox 123 876 163 940; x_wconf 88' lang='lat' dir='ltr'>sit</span> <span class='ocrx_word' id='word_1_23' title='bbox 186 876 366 962; x_wconf 85' lang='lat' dir='ltr'>cylindrus,</span> <span class='ocrx_word' id='word_1_24' title='bbox 393 877 484 941; x_wconf 90' lang='lat' dir='ltr'>ouius</span> <span class='ocrx_word' id='word_1_25' title='bbox 507 877 601 941; x_wconf 87' lang='lat' dir='ltr'>bases</span> <span class='ocrx_word' id='word_1_26' title='bbox 627 877 692 940; x_wconf 91' lang='lat' dir='ltr'>sint</span> <span class='ocrx_word' id='word_1_27' title='bbox 716 876 829 941; x_wconf 91' lang='lat' dir='ltr'>circuli</span> <span class='ocrx_word' id='word_1_28' title='bbox 851 882 898 960; x_wconf 85' lang='lat' dir='ltr'>A,</span> <span class='ocrx_word' id='word_1_29' title='bbox 928 881 970 960; x_wconf 90' lang='grc' dir='ltr'>Β,</span> <span class='ocrx_word' id='word_1_30' title='bbox 994 876 1063 942; x_wconf 83' lang='lat' dir='ltr'>axis</span> 
     </span>
     <span class='ocr_line' id='line_1_7' title="bbox 65 982 1062 1068; baseline 0.005 -25"><span class='ocrx_word' id='word_1_31' title='bbox 65 986 161 1048; x_wconf 86' lang='lat' dir='ltr'>autem</span> <span class='ocrx_word' id='word_1_32' title='bbox 191 988 282 1048; x_wconf 88' lang='lat' dir='ltr'>recta</span> <span class='ocrx_word' id='word_1_33' title='bbox 314 987 395 1067; x_wconf 85' lang='grc' dir='ltr'>ΑΒ,</span> <span class='ocrx_word' id='word_1_34' title='bbox 432 987 464 1048; x_wconf 95' lang='lat' dir='ltr'>et</span> <span class='ocrx_word' id='word_1_35' title='bbox 498 987 644 1048; x_wconf 75' lang='lat' dir='ltr'><strong>sumatur</strong></span> <span class='ocrx_word' id='word_1_36' title='bbox 675 982 875 1047; x_wconf 88' lang='lat' dir='ltr'>extrinsecus</span> <span class='ocrx_word' id='word_1_37' title='bbox 905 987 1062 1068; x_wconf 86' lang='lat' dir='ltr'>punctum</span> 
     </span>
     <span class='ocr_line' id='line_1_8' title="bbox 65 1087 1064 1172; baseline 0.005 -23"><span class='ocrx_word' id='word_1_38' title='bbox 65 1087 183 1172; x_wconf 78' lang='lat' dir='ltr'>aliquod</span> <span class='ocrx_word' id='word_1_39' title='bbox 216 1092 257 1172; x_wconf 99' lang='grc' dir='ltr'>Γ,</span> <span class='ocrx_word' id='word_1_40' title='bbox 295 1113 314 1154; x_wconf 92' lang='lat' dir='ltr'>a</span> <span class='ocrx_word' id='word_1_41' title='bbox 346 1092 378 1153; x_wconf 92' lang='grc' dir='ltr'>Γ</span> <span class='ocrx_word' id='word_1_42' title='bbox 409 1095 517 1154; x_wconf 87' lang='lat' dir='ltr'>autem</span> <span class='ocrx_word' id='word_1_43' title='bbox 554 1089 712 1154; x_wconf 75' lang='lat' dir='ltr'>ducantur</span> <span class='ocrx_word' id='word_1_44' title='bbox 746 1091 854 1152; x_wconf 89' lang='lat' dir='ltr'>rectae</span> <span class='ocrx_word' id='word_1_45' title='bbox 888 1091 967 1172; x_wconf 87' lang='grc' dir='ltr'>ΓΛ,</span> <span class='ocrx_word' id='word_1_46' title='bbox 1001 1092 1064 1154; x_wconf 84' lang='grc' dir='ltr'>ΓΕ</span> 
     </span>
     <span class='ocr_line' id='line_1_9' title="bbox 65 1194 1060 1281; baseline 0.005 -26"><span class='ocrx_word' id='word_1_47' title='bbox 65 1196 254 1278; x_wconf 88' lang='lat' dir='ltr'>superficiem</span> <span class='ocrx_word' id='word_1_48' title='bbox 289 1194 424 1280; x_wconf 80' lang='lat' dir='ltr'>cylindri</span> <span class='ocrx_word' id='word_1_49' title='bbox 452 1195 492 1258; x_wconf 88' lang='lat' dir='ltr'>ad</span> <span class='ocrx_word' id='word_1_50' title='bbox 520 1197 653 1260; x_wconf 88' lang='lat' dir='ltr'>eandem</span> <span class='ocrx_word' id='word_1_51' title='bbox 680 1198 807 1278; x_wconf 85' lang='lat' dir='ltr'>partem</span> <span class='ocrx_word' id='word_1_52' title='bbox 835 1194 1060 1281; x_wconf 86' lang='lat' dir='ltr'>contingentes</span> 
     </span>
     <span class='ocr_line' id='line_1_10' title="bbox 64 1300 1062 1387; baseline 0.005 -26"><span class='ocrx_word' id='word_1_53' title='bbox 64 1300 93 1361; x_wconf 92' lang='lat' dir='ltr'>in</span> <span class='ocrx_word' id='word_1_54' title='bbox 113 1302 238 1384; x_wconf 88' lang='lat' dir='ltr'>punctis</span> <span class='ocrx_word' id='word_1_55' title='bbox 261 1307 309 1386; x_wconf 81' lang='lat' dir='ltr'>A,</span> <span class='ocrx_word' id='word_1_56' title='bbox 331 1307 368 1366; x_wconf 82' lang='lat' dir='ltr'>E.</span> <span class='ocrx_word' id='word_1_57' title='bbox 414 1302 502 1387; x_wconf 83' lang='lat' dir='ltr'>dioc,</span> <span class='ocrx_word' id='word_1_58' title='bbox 526 1307 558 1367; x_wconf 88' lang='grc' dir='ltr'><em>Ε</em></span> <span class='ocrx_word' id='word_1_59' title='bbox 579 1305 612 1365; x_wconf 90' lang='lat' dir='ltr'>et</span> <span class='ocrx_word' id='word_1_60' title='bbox 635 1305 668 1364; x_wconf 88' lang='grc' dir='ltr'><em>Λ</em></span> <span class='ocrx_word' id='word_1_61' title='bbox 689 1305 811 1385; x_wconf 88' lang='lat' dir='ltr'>puncta</span> <span class='ocrx_word' id='word_1_62' title='bbox 835 1304 1003 1367; x_wconf 86' lang='lat' dir='ltr'>contactus</span> <span class='ocrx_word' id='word_1_63' title='bbox 1026 1302 1062 1366; x_wconf 88' lang='lat' dir='ltr'>in</span> 
     </span>
    </p>

    <p class='ocr_par' dir='ltr' id='par_1_5' title="bbox 371 1391 1062 1492">
     <span class='ocr_line' id='line_1_11' title="bbox 371 1391 1062 1492; baseline 0.007 -24"><span class='ocrx_word' id='word_1_64' title='bbox 371 1391 374 1401; x_wconf 52' lang='grc'><strong>“</strong></span> <span class='ocrx_word' id='word_1_65' title='bbox 818 1429 883 1470; x_wconf 91' lang='lat' dir='ltr'>una</span> <span class='ocrx_word' id='word_1_66' title='bbox 901 1412 988 1473; x_wconf 89' lang='lat' dir='ltr'>recta</span> <span class='ocrx_word' id='word_1_67' title='bbox 1006 1431 1062 1492; x_wconf 92' lang='lat' dir='ltr'>po-</span> 
     </span>
    </p>

    <p class='ocr_par' dir='ltr' id='par_1_6' title="bbox 67 1512 1058 3508">
     <span class='ocr_line' id='line_1_12' title="bbox 817 1512 981 1577; baseline 0.006 -2"><span class='ocrx_word' id='word_1_68' title='bbox 817 1512 881 1577; x_wconf 89' lang='lat' dir='ltr'>sita</span> <span class='ocrx_word' id='word_1_69' title='bbox 904 1534 981 1577; x_wconf 88' lang='lat' dir='ltr'>esse.</span> 
     </span>
     <span class='ocr_line' id='line_1_13' title="bbox 877 1618 1057 1684; baseline 0.011 -3"><span class='ocrx_word' id='word_1_70' title='bbox 877 1618 1012 1684; x_wconf 84' lang='lat' dir='ltr'>ducatur</span> <span class='ocrx_word' id='word_1_71' title='bbox 1038 1642 1057 1683; x_wconf 89' lang='lat' dir='ltr'>a</span> 
     </span>
     <span class='ocr_line' id='line_1_14' title="bbox 813 1725 1058 1806; baseline 0.008 -20"><span class='ocrx_word' id='word_1_72' title='bbox 813 1727 934 1806; x_wconf 88' lang='lat' dir='ltr'>puncto</span> <span class='ocrx_word' id='word_1_73' title='bbox 962 1725 994 1786; x_wconf 92' lang='grc' dir='ltr'>Γ</span> <span class='ocrx_word' id='word_1_74' title='bbox 1018 1726 1058 1788; x_wconf 86' lang='lat' dir='ltr'>ad</span> 
     </span>
     <span class='ocr_line' id='line_1_15' title="bbox 813 1832 1057 1914; baseline 0 -22"><span class='ocrx_word' id='word_1_75' title='bbox 813 1832 883 1893; x_wconf 87' lang='lat' dir='ltr'>AB</span> <span class='ocrx_word' id='word_1_76' title='bbox 923 1850 1057 1914; x_wconf 86' lang='lat' dir='ltr'>perpen-</span> 
     </span>
     <span class='ocr_line' id='line_1_16' title="bbox 815 1934 1057 2020; baseline 0 -20"><span class='ocrx_word' id='word_1_77' title='bbox 815 1934 965 2001; x_wconf 86' lang='lat' dir='ltr'>dicularis</span> <span class='ocrx_word' id='word_1_78' title='bbox 987 1939 1057 2020; x_wconf 90' lang='grc' dir='ltr'>ΓΖ,</span> 
     </span>
     <span class='ocr_line' id='line_1_17' title="bbox 815 2045 1057 2126; baseline 0 -20"><span class='ocrx_word' id='word_1_79' title='bbox 815 2046 847 2106; x_wconf 90' lang='lat' dir='ltr'>et</span> <span class='ocrx_word' id='word_1_80' title='bbox 891 2065 949 2126; x_wconf 90' lang='lat' dir='ltr'>per</span> <span class='ocrx_word' id='word_1_81' title='bbox 992 2045 1057 2106; x_wconf 94' lang='grc' dir='ltr'>ΓΖ</span> 
     </span>
     <span class='ocr_line' id='line_1_18' title="bbox 814 2149 1057 2232; baseline 0.008 -20"><span class='ocrx_word' id='word_1_82' title='bbox 814 2149 947 2232; x_wconf 87' lang='lat' dir='ltr'>planum</span> <span class='ocrx_word' id='word_1_83' title='bbox 964 2149 1057 2214; x_wconf 89' lang='lat' dir='ltr'>duca-</span> 
     </span>
     <span class='ocr_line' id='line_1_19' title="bbox 814 2255 1057 2338; baseline 0.008 -20"><span class='ocrx_word' id='word_1_84' title='bbox 814 2259 868 2319; x_wconf 89' lang='lat' dir='ltr'>tur</span> <span class='ocrx_word' id='word_1_85' title='bbox 886 2255 983 2338; x_wconf 87' lang='lat' dir='ltr'>plano</span> <span class='ocrx_word' id='word_1_86' title='bbox 999 2255 1057 2320; x_wconf 91' lang='lat' dir='ltr'>cir-</span> 
     </span>
     <span class='ocr_line' id='line_1_20' title="bbox 815 2361 1057 2445; baseline -0.008 -19"><span class='ocrx_word' id='word_1_87' title='bbox 815 2361 879 2426; x_wconf 90' lang='lat' dir='ltr'>culi</span> <span class='ocrx_word' id='word_1_88' title='bbox 916 2367 948 2424; x_wconf 91' lang='lat' dir='ltr'><em>A</em></span> <span class='ocrx_word' id='word_1_89' title='bbox 986 2384 1057 2445; x_wconf 83' lang='lat' dir='ltr'>par-</span> 
     </span>
     <span class='ocr_line' id='line_1_21' title="bbox 815 2467 1057 2532; baseline -0.008 0"><span class='ocrx_word' id='word_1_90' title='bbox 815 2467 946 2532; x_wconf 85' lang='lat' dir='ltr'>allelum</span> <span class='ocrx_word' id='word_1_91' title='bbox 989 2467 1057 2532; x_wconf 86' lang='lat' dir='ltr'>effi-</span> 
     </span>
     <span class='ocr_line' id='line_1_22' title="bbox 816 2571 1057 2657; baseline -0.012 -19"><span class='ocrx_word' id='word_1_92' title='bbox 816 2572 942 2655; x_wconf 89' lang='lat' dir='ltr'>ciatque</span> <span class='ocrx_word' id='word_1_93' title='bbox 958 2571 993 2636; x_wconf 92' lang='lat' dir='ltr'>in</span> <span class='ocrx_word' id='word_1_94' title='bbox 1007 2595 1057 2657; x_wconf 90' lang='lat' dir='ltr'>cy·</span> 
     </span>
     <span class='ocr_line' id='line_1_23' title="bbox 68 2672 1056 2764; baseline 0.005 -26"><span class='ocrx_word' id='word_1_95' title='bbox 68 2672 153 2742; x_wconf 88' lang='lat' dir='ltr'>lindro</span> <span class='ocrx_word' id='word_1_96' title='bbox 181 2678 356 2744; x_wconf 75' lang='lat' dir='ltr'>sectionem</span> <span class='ocrx_word' id='word_1_97' title='bbox 385 2678 541 2743; x_wconf 87' lang='lat' dir='ltr'>circulum</span> <span class='ocrx_word' id='word_1_98' title='bbox 569 2678 689 2744; x_wconf 91' lang='lat' dir='ltr'>circum</span> <span class='ocrx_word' id='word_1_99' title='bbox 718 2683 745 2743; x_wconf 92' lang='lat' dir='ltr'>Z</span> <span class='ocrx_word' id='word_1_100' title='bbox 769 2680 979 2764; x_wconf 89' lang='lat' dir='ltr'>descriptum,</span> <span class='ocrx_word' id='word_1_101' title='bbox 1008 2680 1056 2744; x_wconf 92' lang='lat' dir='ltr'>ita</span> 
     </span>
     <span class='ocr_line' id='line_1_24' title="bbox 68 2782 1055 2870; baseline 0.009 -28"><span class='ocrx_word' id='word_1_102' title='bbox 68 2785 97 2844; x_wconf 91' lang='lat' dir='ltr'>ut</span> <span class='ocrx_word' id='word_1_103' title='bbox 119 2785 231 2849; x_wconf 82' lang='lat' dir='ltr'>existat</span> <span class='ocrx_word' id='word_1_104' title='bbox 258 2783 435 2867; x_wconf 78' lang='lat' dir='ltr'>cylindrus,</span> <span class='ocrx_word' id='word_1_105' title='bbox 468 2782 558 2849; x_wconf 91' lang='lat' dir='ltr'>cuius</span> <span class='ocrx_word' id='word_1_106' title='bbox 591 2784 684 2848; x_wconf 88' lang='lat' dir='ltr'>bases</span> <span class='ocrx_word' id='word_1_107' title='bbox 717 2783 783 2848; x_wconf 88' lang='lat' dir='ltr'>sint</span> <span class='ocrx_word' id='word_1_108' title='bbox 810 2785 921 2851; x_wconf 90' lang='lat' dir='ltr'>circuli</span> <span class='ocrx_word' id='word_1_109' title='bbox 949 2790 993 2870; x_wconf 88' lang='lat' dir='ltr'>B,</span> <span class='ocrx_word' id='word_1_110' title='bbox 1018 2791 1055 2870; x_wconf 85' lang='grc' dir='ltr'>Ζ,</span> 
     </span>
     <span class='ocr_line' id='line_1_25' title="bbox 67 2889 1056 2977; baseline 0.004 -24"><span class='ocrx_word' id='word_1_111' title='bbox 67 2889 121 2953; x_wconf 78' lang='lat' dir='ltr'>aris</span> <span class='ocrx_word' id='word_1_112' title='bbox 145 2895 252 2955; x_wconf 89' lang='lat' dir='ltr'>autem</span> <span class='ocrx_word' id='word_1_113' title='bbox 279 2895 368 2955; x_wconf 90' lang='lat' dir='ltr'>recta</span> <span class='ocrx_word' id='word_1_114' title='bbox 394 2894 472 2974; x_wconf 85' lang='lat' dir='ltr'>BZ,</span> <span class='ocrx_word' id='word_1_115' title='bbox 504 2895 537 2955; x_wconf 91' lang='lat' dir='ltr'>et</span> <span class='ocrx_word' id='word_1_116' title='bbox 563 2912 620 2975; x_wconf 90' lang='lat' dir='ltr'>per</span> <span class='ocrx_word' id='word_1_117' title='bbox 648 2894 710 2955; x_wconf 99' lang='grc' dir='ltr'>ΓΖ</span> <span class='ocrx_word' id='word_1_118' title='bbox 737 2914 893 2976; x_wconf 83' lang='lat' dir='ltr'>axemque</span> <span class='ocrx_word' id='word_1_119' title='bbox 923 2894 1056 2977; x_wconf 82' lang='lat' dir='ltr'>planum</span> 
     </span>
     <span class='ocr_line' id='line_1_26' title="bbox 67 2993 1055 3084; baseline 0.008 -28"><span class='ocrx_word' id='word_1_120' title='bbox 67 2993 182 3062; x_wconf 87' lang='lat' dir='ltr'>ducatur</span> <span class='ocrx_word' id='word_1_121' title='bbox 212 2997 247 3060; x_wconf 90' lang='lat' dir='ltr'>in</span> <span class='ocrx_word' id='word_1_122' title='bbox 280 2996 425 3080; x_wconf 87' lang='lat' dir='ltr'>cylindro</span> <span class='ocrx_word' id='word_1_123' title='bbox 458 2997 600 3062; x_wconf 86' lang='lat' dir='ltr'>efficiens</span> <span class='ocrx_word' id='word_1_124' title='bbox 629 2997 967 3083; x_wconf 82' lang='lat' dir='ltr'>parallelogrammum</span> <span class='ocrx_word' id='word_1_125' title='bbox 998 3023 1055 3084; x_wconf 91' lang='lat' dir='ltr'>per</span> 
     </span>
     <span class='ocr_line' id='line_1_27' title="bbox 68 3102 1055 3188; baseline 0.006 -24"><span class='ocrx_word' id='word_1_126' title='bbox 68 3121 141 3168; x_wconf 82' lang='lat' dir='ltr'>arem</span> <span class='ocrx_word' id='word_1_127' title='bbox 169 3102 313 3188; x_wconf 90' lang='lat' dir='ltr'>positum</span> <span class='ocrx_word' id='word_1_128' title='bbox 346 3107 431 3186; x_wconf 86' lang='grc' dir='ltr'>ΗΘ,</span> <span class='ocrx_word' id='word_1_129' title='bbox 468 3103 509 3168; x_wconf 84' lang='lat' dir='ltr'>ad</span> <span class='ocrx_word' id='word_1_130' title='bbox 542 3107 608 3168; x_wconf 94' lang='grc' dir='ltr'>ΖΓ</span> <span class='ocrx_word' id='word_1_131' title='bbox 636 3108 745 3168; x_wconf 87' lang='lat' dir='ltr'>autem</span> <span class='ocrx_word' id='word_1_132' title='bbox 781 3105 1055 3188; x_wconf 83' lang='lat' dir='ltr'>perpendicularis</span> 
     </span>
     <span class='ocr_line' id='line_1_28' title="bbox 68 3206 1054 3293; baseline 0.006 -23"><span class='ocrx_word' id='word_1_133' title='bbox 68 3206 181 3276; x_wconf 87' lang='lat' dir='ltr'>ducatur</span> <span class='ocrx_word' id='word_1_134' title='bbox 201 3212 268 3274; x_wconf 88' lang='grc' dir='ltr'>ΓΚ</span> <span class='ocrx_word' id='word_1_135' title='bbox 287 3210 322 3274; x_wconf 90' lang='lat' dir='ltr'>in</span> <span class='ocrx_word' id='word_1_136' title='bbox 344 3210 442 3293; x_wconf 80' lang='lat' dir='ltr'>plano</span> <span class='ocrx_word' id='word_1_137' title='bbox 462 3210 574 3274; x_wconf 89' lang='lat' dir='ltr'>circuli</span> <span class='ocrx_word' id='word_1_138' title='bbox 595 3214 622 3273; x_wconf 94' lang='lat' dir='ltr'>Z</span> <span class='ocrx_word' id='word_1_139' title='bbox 645 3209 761 3292; x_wconf 86' lang='lat' dir='ltr'>posita,</span> <span class='ocrx_word' id='word_1_140' title='bbox 782 3232 840 3293; x_wconf 90' lang='lat' dir='ltr'>per</span> <span class='ocrx_word' id='word_1_141' title='bbox 859 3213 926 3274; x_wconf 89' lang='grc' dir='ltr'>ΓΚ</span> <span class='ocrx_word' id='word_1_142' title='bbox 946 3215 1054 3276; x_wconf 87' lang='lat' dir='ltr'>autem</span> 
     </span>
     <span class='ocr_line' id='line_1_29' title="bbox 67 3315 1054 3402; baseline 0.005 -26"><span class='ocrx_word' id='word_1_143' title='bbox 67 3319 92 3377; x_wconf 86' lang='lat' dir='ltr'>et</span> <span class='ocrx_word' id='word_1_144' title='bbox 117 3321 279 3401; x_wconf 87' lang='lat' dir='ltr'>utramque</span> <span class='ocrx_word' id='word_1_145' title='bbox 308 3319 386 3400; x_wconf 85' lang='grc' dir='ltr'>ΓΛ,</span> <span class='ocrx_word' id='word_1_146' title='bbox 412 3319 475 3380; x_wconf 84' lang='grc' dir='ltr'>ΓΕ</span> <span class='ocrx_word' id='word_1_147' title='bbox 503 3315 601 3400; x_wconf 85' lang='lat' dir='ltr'>plana</span> <span class='ocrx_word' id='word_1_148' title='bbox 627 3317 846 3399; x_wconf 81' lang='lat' dir='ltr'>producantur</span> <span class='ocrx_word' id='word_1_149' title='bbox 874 3317 1054 3402; x_wconf 85' lang='lat' dir='ltr'>cylindrum</span> 
     </span>
     <span class='ocr_line' id='line_1_30' title="bbox 69 3423 1054 3508; baseline 0.002 -24"><span class='ocrx_word' id='word_1_150' title='bbox 69 3423 189 3488; x_wconf 78' lang='lat' dir='ltr'>secontia</span> <span class='ocrx_word' id='word_1_151' title='bbox 229 3424 436 3508; x_wconf 86' lang='lat' dir='ltr'>efficiantque</span> <span class='ocrx_word' id='word_1_152' title='bbox 481 3445 539 3508; x_wconf 91' lang='lat' dir='ltr'>per</span> <span class='ocrx_word' id='word_1_153' title='bbox 585 3423 761 3488; x_wconf 89' lang='lat' dir='ltr'>sectionem</span> <span class='ocrx_word' id='word_1_154' title='bbox 806 3424 840 3487; x_wconf 90' lang='lat' dir='ltr'>in</span> <span class='ocrx_word' id='word_1_155' title='bbox 886 3424 1054 3506; x_wconf 89' lang='lat' dir='ltr'>superficie</span> 
     </span>
    </p>
   </div>
   <div class='ocr_carea' id='block_1_4' title="bbox 68 3528 1052 3685">
    <p class='ocr_par' dir='ltr' id='par_1_7' title="bbox 68 3528 1052 3685">
     <span class='ocr_line' id='line_1_31' title="bbox 68 3528 1052 3614; baseline 0.003 -24"><span class='ocrx_word' id='word_1_156' title='bbox 68 3529 180 3610; x_wconf 83' lang='lat' dir='ltr'>cylindri</span> <span class='ocrx_word' id='word_1_157' title='bbox 207 3530 308 3595; x_wconf 84' lang='lat' dir='ltr'>lineas</span> <span class='ocrx_word' id='word_1_158' title='bbox 342 3535 466 3613; x_wconf 83' lang='lat' dir='ltr'><em>AAM,</em></span> <span class='ocrx_word' id='word_1_159' title='bbox 489 3529 606 3614; x_wconf 76' lang='grc' dir='ltr'>ΝΕΞ,</span> <span class='ocrx_word' id='word_1_160' title='bbox 646 3528 681 3592; x_wconf 90' lang='lat' dir='ltr'>in</span> <span class='ocrx_word' id='word_1_161' title='bbox 711 3529 809 3613; x_wconf 90' lang='lat' dir='ltr'>plano</span> <span class='ocrx_word' id='word_1_162' title='bbox 842 3533 950 3594; x_wconf 91' lang='lat' dir='ltr'>autem</span> <span class='ocrx_word' id='word_1_163' title='bbox 981 3551 1052 3612; x_wconf 86' lang='lat' dir='ltr'>par-</span> 
     </span>
     <span class='ocr_line' id='line_1_32' title="bbox 858 3631 892 3685; baseline 0 -25"><span class='ocrx_word' id='word_1_164' title='bbox 858 3631 892 3685; x_wconf 71' lang='lat'>7-</span> 
     </span>
    </p>
   </div>
   <div class='ocr_carea' id='block_1_5' title="bbox 0 0 1248 3938">
    <p class='ocr_par' dir='ltr' id='par_1_8' title="bbox 0 0 1248 3938">
     <span class='ocr_line' id='line_1_33' title="bbox 0 0 1248 3938; baseline 0 0"><span class='ocrx_word' id='word_1_165' title='bbox 0 0 1248 3938; x_wconf 95' lang='lat' dir='ltr'> </span> 
     </span>
    </p>
   </div>
  </div>
 </body>
</html>
