2574 3934
416 91 466 140 DE
486 91 661 142 SECTIONE
680 91 858 142 GYLINDRI.
1122 87 1140 148 7

112 238 303 318 utramque
339 233 445 298 basim
481 237 610 319 tangat,
648 254 745 316 quam
778 231 907 316 quidem
938 231 1143 316 superficiem

119 339 344 425 cylindricam
367 339 547 405 describere
572 338 802 404 circumactam
825 337 970 402 dicimus.

199 447 228 510 3.
264 447 482 532 cylindrorum
514 467 591 510 uero
625 445 736 531 recti,
768 444 824 528 qui
860 465 953 508 axem
981 446 1021 510 ad
1048 447 1143 510 bases

122 553 431 638 perpendicularem
453 553 584 639 habent,
608 551 757 636 obliqui
776 542 893 636 autem,
916 551 972 635 qui
991 573 1083 616 axem
1102 553 1144 616 ad

120 661 224 724 bases
245 660 543 743 perpendicularem
561 681 627 724 non
645 658 775 724 habent.

198 788 314 832 uerum
333 766 431 830 etiam
448 766 528 831 haec
547 767 723 831 secundum
736 765 948 849 Apollonium
962 764 1141 829 definienda

127 878 224 938 sunt:

197 982 227 1043 4.
257 979 362 1043 omnis
386 978 489 1044 lineae
513 1001 640 1065 curuae,
664 979 803 1062 quaein
825 1000 891 1042 uno
914 979 1012 1062 plano
1030 978 1140 1062 posita

125 1091 190 1170 est,
213 1085 426 1150 diametrus
450 1090 586 1150 uocetur
609 1089 697 1150 recta
721 1085 887 1171 quaedam,
910 1107 991 1170 quae
1016 1085 1141 1150 alinea
1178 1091 1183 1100 '

126 1214 231 1258 curua
259 1192 356 1256 ducta
385 1213 495 1256 omnes
523 1195 627 1256 rectas
656 1191 691 1254 in
716 1190 802 1255 linea
829 1191 886 1257 illa
913 1196 1020 1257 rectae
1044 1192 1141 1257 alicui

127 1298 303 1383 parallelas
318 1295 430 1362 ductas
445 1298 480 1362 in
493 1298 588 1362 binas
601 1303 710 1382 partes
725 1298 874 1381 aequales
890 1303 986 1383 secat,
1006 1304 1141 1364 uertex

127 1409 240 1470 antem
261 1405 364 1468 lineae
388 1404 545 1469 terminus
568 1404 665 1468 huius
689 1409 795 1470 rectae
817 1404 853 1467 in
874 1403 969 1488 linea,
994 1404 1140 1490 singulas

126 1516 240 1576 antem
254 1515 359 1576 rectas
368 1511 540 1595 parallelas
551 1512 591 1575 ad
601 1511 795 1575 diametrum
810 1510 987 1575 ordinate
1002 1511 1139 1576 ductas

128 1640 200 1684 csse
225 1617 388 1702 [Apollon.
408 1615 511 1682 conl
534 1617 594 1682 def.
613 1617 659 1701 4].

198 1725 227 1790 5.
255 1724 486 1810 coniugatae
514 1729 623 1788 autem
651 1723 830 1794 diametri
858 1727 1029 1807 nocentur,
1058 1746 1139 1808 quae

129 1832 252 1897 alinea
270 1833 310 1896 ad
329 1831 518 1917 coniugatus
537 1830 712 1894 diametros
732 1829 877 1895 ordinate
897 1830 1011 1896 ductae
1026 1830 1139 1895 eodem

127 1939 225 2004 modo
248 1959 301 2003 eas
325 1942 443 2002 secant.
452 1935 477 2024 ¹)

196 2045 224 2109 6.
243 2044 364 2109 talibus
387 2065 464 2108 uero
488 2043 583 2108 lineis
607 2043 705 2108 etiam
724 2043 758 2107 in
778 2043 918 2127 obliquis
938 2044 1136 2110 sectionibus

127 2150 265 2236 cylindri
301 2150 381 2215 ortis
417 2155 574 2234 punctum
607 2151 748 2214 medium
780 2151 930 2215 diametri
963 2157 1138 2217 centrum

128 2257 281 2323 sectionis
300 2261 444 2343 uocetur,
462 2261 551 2321 recta
571 2261 679 2320 autem
694 2278 713 2320 a
727 2261 838 2321 centro
854 2258 893 2322 ad
907 2257 1027 2323 lineam
1041 2259 1138 2323 ducta

126 2364 257 2429 radius
282 2363 435 2428 sectionis
459 2362 624 2448 [Apollon.
644 2361 746 2427 conl
769 2363 839 2427 deff.
859 2363 913 2427 alt.
936 2363 978 2446 1].

196 2472 223 2534 7.
246 2474 335 2535 recta
362 2475 471 2535 autem
498 2492 518 2534 a
546 2474 656 2534 centro
681 2469 833 2534 sectionis
857 2474 964 2535 rectae
989 2468 1135 2534 ordinate

128 2578 241 2641 ductae
264 2577 420 2660 parallela
442 2577 552 2661 ducta,
578 2598 659 2661 quae
683 2598 702 2639 a
724 2576 811 2640 linea
833 2577 1034 2661 terminatur,
1058 2577 1138 2642 die-

130 2687 271 2748 metrus
301 2683 425 2748 altera
448 2687 583 2748 uocetur
607 2681 771 2766 [Apollon.
791 2704 861 2748 con.
880 2682 897 2746 I
921 2683 991 2747 deff.
1011 2683 1065 2748 alt.
1086 2686 1134 2766 3];

129 2788 419 2855 demonstrabimus
450 2788 547 2872 enim,
576 2811 647 2853 eam
671 2811 781 2854 omnes
804 2794 909 2855 rectas
932 2789 967 2854 in
991 2791 1133 2856 sectione

129 2896 283 2962 diametro
293 2895 464 2980 parallelas
473 2895 586 2960 ductas
596 2895 631 2958 in
639 2895 731 2961 binas
742 2897 1004 2981 partesaequales
1016 2919 1133 2962 secare.

198 3067 224 3132 1)
243 3061 320 3116 Haec
340 3060 465 3115 definitio
484 3076 535 3114 nee
555 3077 618 3114 eum
636 3061 765 3130 Apollon.
782 3079 841 3116 con.
857 3062 870 3114 Ι
889 3061 943 3117 def.
959 3069 975 3116 6
994 3061 1135 3117 consentit
1193 3093 1196 3100 ·

129 3152 179 3190 nec
197 3151 249 3204 per
268 3149 297 3186 se
317 3130 386 3186 satis
405 3131 552 3202 perspicua
571 3134 626 3199 est;
647 3133 697 3186 sed
716 3132 940 3188 emendationem
958 3131 1135 3202 probabilem

128 3224 182 3262 non
200 3203 309 3274 reperio
328 3219 379 3257 nec
399 3203 545 3258 adfirmnre
565 3203 668 3271 ausim,
693 3203 827 3258 Serenum
845 3203 961 3259 nonita
981 3203 1133 3274 scripsisse.

129 3377 231 3445 μενον).
323 3379 365 3427 22.
389 3372 406 3442 ἡ
426 3369 457 3427 db
476 3371 541 3444 ded]
566 3369 666 3426 διὰδὲ
688 3390 714 3441 p.
806 3377 847 3425 23.
871 3369 1058 3444 κατηγμένην]
1081 3391 1133 3443 pc,

129 3441 337 3516 κατηνεγμὲνην
356 3445 411 3498 Vr.
484 3449 527 3498 24.
548 3440 675 3514 δευτέρα]
695 3443 751 3512 βά
769 3459 794 3510 p.
