2504 3928
184 191 249 254 208
498 193 585 244 ΠΕΡΙ
603 193 731 245 Κααον
751 194 886 244 ΤονιΗΣ.

185 336 321 419 τάσεως,
350 337 447 420 ὅμοια
475 338 538 422 άρα
567 334 635 400 ἐστὶ
663 337 703 400 τά
731 340 892 421 τρίγωνα·
921 336 967 412 ὡς
993 339 1059 422 ἄρα
1089 335 1111 418 ἡ
1137 340 1204 399 ΗΘ

184 444 267 529 πρὸς
292 447 370 526 ΘΒ,
398 443 504 518 οὕτως
530 442 550 525 ἡ
579 446 645 507 ΒΑ
671 444 754 529 πρὸς
782 447 861 507 ΛΗ.
908 441 977 508 ἐπεὶ
1000 439 1064 509 οὖν
1090 443 1111 526 ἡ
1138 447 1205 506 ΗΘ

183 551 267 634 πρὸς
297 554 358 614 ΘΒ
386 541 517 634 μείζονα
545 553 646 632 λόγον
673 552 738 633 ἔχει
761 551 844 634 ῇιιερ
867 549 887 632 ἡ
911 554 996 614 ΗΜ
1013 551 1104 636 πρὸς
1123 553 1203 631 ΜΒ,

184 655 204 739 ἡ
233 653 270 720 δὲ
293 660 376 722 ΗΜ
398 657 481 741 πρὸς
504 660 576 721 ΜΒ
600 659 731 740 μείζονα
759 659 861 739 λόγον
889 659 954 740 ἔχει
977 658 1060 743 ῇαερ
1087 655 1109 738 ἡ
1137 660 1204 720 ΗΑ

150 764 267 848 δαρὸς
294 767 373 846 ΑΒ,
404 763 424 846 ἡ
454 765 518 847 άρα
545 767 616 827 ΗΘ
642 764 726 850 πρὸς
755 767 816 827 ΘΒ
846 766 978 847 μείζονα
1006 767 1113 846 λόγον
1142 766 1203 845 ἔχει

184 870 265 952 ῇτιερ
296 868 316 952 ἡ
347 874 419 934 HA
445 870 529 954 πρὸς
555 873 630 934 ΑΒ.
686 867 757 935 ἀλλ’
788 871 833 946 ὡς
864 869 885 952 ἡ
913 873 985 934 ΗΘ
1011 872 1100 954 πρὸς
1134 872 1203 949 ΘΒ,

184 975 289 1052 οὕτως
311 975 331 1058 ἡ
355 980 431 1059 ΒΑ,
455 974 625 1041 τουτέστιν
647 975 667 1058 ἡ
687 979 767 1058 ΒΚ,
789 977 872 1061 πρὸς
896 980 982 1040 ΛΗ·
1005 977 1026 1060 ἡ
1050 979 1122 1060 άρα
1140 977 1206 1039 ΒΚ

183 1084 267 1167 πρὸς
295 1086 370 1147 ΑΗ
393 1086 524 1167 μείζονα
551 1086 653 1165 λόγον
680 1085 745 1166 έχει
772 1084 855 1166 ῇπερ
879 1082 899 1166 ἡ
923 1087 995 1146 ΗΑ
1018 1084 1107 1169 πρὸς
1131 1085 1203 1146 ΑΒ.

184 1190 220 1252 τὸ
244 1190 308 1274 ἄρα
330 1189 396 1254 ὑπὸ
419 1193 500 1272 ΑΒ,
524 1192 593 1253 ΒΚ
613 1191 723 1273 μεῖζόν
746 1188 814 1253 έστι
838 1197 898 1252 τοῦ
921 1188 987 1253 ὑπὸ
1010 1193 1101 1274 ΑΗ,
1124 1192 1202 1268 ΗΛ,

89 1341 93 1348 .
133 1309 166 1357 10
184 1293 334 1359 τουτέστι
356 1296 394 1359 τὸ
422 1297 478 1359 διά
501 1304 560 1360 τοῦ
584 1293 701 1372 ἄξονος
725 1291 890 1372 ἰσοσκελὲς
912 1298 1023 1380 μεῖζόν
1046 1293 1121 1361 ἐστι
1144 1302 1202 1358 τοῦ

184 1402 240 1466 ὀιόι
262 1411 320 1486 τῇς
342 1406 419 1467 ΑΗ
443 1405 647 1485 ίσοσκελοῦς,
676 1397 716 1467 οὗ
739 1401 834 1485 βάσις
860 1399 949 1466 ἐστὶν
972 1401 993 1484 ἡ
1018 1403 1122 1486 διπλῇ
1146 1410 1200 1482 τῇς

184 1513 263 1573 ΑΗ.
315 1510 375 1574 οὐκ
408 1511 472 1596 ἄρα
506 1512 543 1574 τὸ
575 1510 631 1574 ὀιόι
661 1518 721 1573 τοῦ
751 1507 869 1586 ἄξονος
900 1507 1066 1586 ἰσοσκελὲς
1098 1508 1200 1590 έλάχι·

183 1619 263 1681 στάν
287 1616 354 1681 ἐστι
377 1617 512 1682 πάντων
535 1628 602 1681 τῶν
625 1613 744 1700 μεταξὺ
768 1627 835 1680 τῶν
858 1620 897 1699 Β,
922 1619 954 1680 Γ
972 1619 1121 1700 σημείων
1144 1614 1197 1686 τὰς

182 1723 295 1806 βάσεις
318 1723 461 1807 ἐχόντων
485 1725 675 1787 ἰσοσκελῶν.

134 1894 166 1942 15
212 1883 213 1888 ’
661 1879 719 1960 λζ’.

248 1986 324 2053 Ἐὰν
353 1987 406 2053 ε’τὶ
435 1999 492 2072 τῇς
521 1989 623 2074 αὐτῇς
652 1988 778 2072 βάσεως
810 1988 872 2052 ὀύο
905 1991 1052 2074 τρίγωνα
1083 1993 1192 2068 συστῇ,

185 2093 239 2159 καὶ
261 2104 321 2159 τοῦ
344 2091 404 2179 μέν
428 2093 541 2180 ἑτέρου
564 2095 584 2178 ἡ
607 2096 734 2180 πλευρά
756 2095 839 2179 πρὸς
861 2094 968 2179 ὀρθὰς
990 2089 1012 2181 ᾖ
1034 2105 1074 2180 τῇ
1094 2093 1192 2178 βάσει,
1249 2163 1250 2180 1

184 2210 244 2266 τοῦ
272 2198 308 2266 δὲ
336 2199 449 2288 ἑτέρου
477 2203 560 2287 πρὸς
582 2201 741 2286 ἀμβλεῖαν
764 2203 904 2283 γωνίαν,
931 2201 969 2264 τὸ
993 2198 1030 2265 δὲ
1052 2211 1115 2266 τοῦ
1138 2199 1191 2282 άμ-

183 2311 373 2391 βλυγωνίου
402 2308 487 2387 ὕψος
516 2311 560 2394 μὴ
591 2311 726 2373 ἔλαττον
755 2302 776 2395 ᾖ
806 2316 865 2372 τοῦ
895 2315 955 2370 τοῦ
983 2303 1191 2392 ὀρθογωνίου
1249 2374 1250 2378 ¹

132 2426 167 2474 20
183 2416 301 2499 ὕψους,
324 2415 344 2498 ἡ
367 2417 450 2501 πρὸς
472 2426 511 2502 τῇ
535 2426 666 2501 κορυφῇ
689 2417 794 2497 γωνία
817 2422 876 2478 τοῦ
895 2412 1109 2499 ὀρθογωνίου
1128 2413 1190 2498 μεί-

185 2525 248 2600 ζων
272 2525 362 2587 ἔσται
385 2532 443 2606 τῇς
464 2523 547 2608 πρὸς
570 2532 609 2608 τῇ
632 2531 764 2607 κορυφῇ
787 2529 847 2585 τοῦ
870 2519 1115 2605 ἀμβλυγωνίου.

251 2629 438 2694 συνεστάτω
467 2626 520 2693 ἐπὶ
542 2637 599 2711 τῇς
623 2632 688 2692 ΑΒ
711 2629 751 2692 τὰ
774 2634 806 2691 Α
813 2630 887 2709 ΓΒ,
910 2632 943 2691 Α
949 2632 982 2690 Α
988 2631 1016 2691 Β
1040 2631 1188 2712 τρίγωνα,
1249 2619 1251 2678 J

183 2731 239 2798 καὶ
261 2733 282 2817 ἡ
305 2731 365 2818 μὲν
387 2735 452 2799 ὑπὸ
472 2738 577 2799 ΑΒΓ
594 2737 676 2799 έστω
700 2732 797 2818 ὀρθῇ,
820 2732 841 2815 ἡ
865 2729 901 2796 δέ
923 2731 988 2797 ὑπὸ
1008 2737 1114 2798 ΑΒΔ
1136 2730 1187 2813 άμ-

183 2843 291 2923 βλεία,
308 2840 338 2923 Ιἡ
367 2837 403 2905 δὲ
431 2840 494 2905 άπὸ
522 2850 582 2905 τοῦ
605 2846 639 2905 A
660 2841 801 2915 κάθετος
828 2837 881 2905 ἐπὶ
908 2841 969 2923 τὴν
994 2844 1060 2904 ΑΒ
1083 2839 1104 2923 ἡ
1128 2838 1187 2904 AZ

131 2958 165 3007 25
184 2948 227 3031 μὴ
252 2946 396 3013 ἐλάττων
419 2949 501 3013 ἔστω
524 2957 582 3031 τῇς
601 2951 662 3012 ΓΒ
685 2944 838 3011 καθέτου.
884 2945 979 3029 λέγω,
1003 2946 1054 3011 ὅτι
1077 2949 1185 3032 μείζων

184 3051 275 3118 ἐστὶν
297 3055 318 3138 ἡ
340 3053 405 3118 ὑπὸ
429 3058 527 3119 ΑΓΒ
551 3063 608 3136 τῇς
630 3053 694 3119 ὑπὸ
718 3058 829 3118 ΑΔΒ.

256 3201 279 3248 2.
300 3192 398 3266 οὕτως]
418 3211 470 3248 om.
490 3212 517 3262 p.
590 3193 657 3264 BA]
677 3197 773 3261 ABp.
847 3193 922 3264 ΗΘ]
942 3195 996 3245 ΗΒ
1015 3192 1098 3262 ch,
1124 3205 1183 3245 corr.

184 3265 289 3319 Comm.
362 3271 385 3319 3.
408 3265 591 3406 ΘΒῇΒΘρ.
644 3267 772 3318 -7.ΛΗ
807 3267 908 3332 HAp.
981 3265 1183 3389 BKJcormx

186 3340 283 3405 FKp.
357 3343 381 3390 8.
401 3340 461 3390 ΑΗ
495 3340 552 3390 HA
570 3354 597 3404 p.
675 3341 698 3389 9.
718 3343 767 3389 τοῦ
799 3352 854 3404 vp,
878 3351 947 3389 corr.
966 3349 1033 3388 ext
1068 3329 1181 3391 m.1V.

183 3407 214 3460 τό
234 3423 256 3462 ο.
332 3413 372 3462 10.
393 3407 423 3461 τὸ
443 3404 492 3461 διά
511 3438 544 3447 -
565 3413 606 3460 12.
627 3407 696 3494 vind!
713 3425 768 3476 mg.
788 3425 807 3476 p
826 3403 984 3476 (κείμενον).
1059 3413 1101 3461 12.
1120 3401 1181 3526 Alxsy]

185 3481 209 3530 A
233 3493 247 3530 e
272 3494 339 3532 corr.
364 3496 400 3532 m.
422 3484 435 3530 1
460 3495 482 3531 ο.
574 3477 721 3549 ίσοσκελες]
741 3496 815 3547 vop,
844 3477 888 3531 ίσ-
912 3476 1002 3548 suppl.
1026 3495 1062 3532 m.
1086 3495 1138 3533 rec.
1176 3513 1180 3524 ·

221 3552 262 3600 15.
282 3549 336 3618 λζ’]
357 3565 409 3602 om.
429 3548 487 3615 Vc,
507 3548 581 3617 Ze'p
601 3550 629 3602 eb
647 3566 683 3602 m.
702 3564 756 3603 rec,
775 3549 814 3618 V3
834 3552 863 3604 et
882 3548 922 3602 sic
942 3547 1081 3617 deinceps.
