<?xml version="1.0" encoding="UTF-8"?>
<!DOCTYPE html PUBLIC "-//W3C//DTD XHTML 1.0 Transitional//EN"
    "http://www.w3.org/TR/xhtml1/DTD/xhtml1-transitional.dtd">
<html xmlns="http://www.w3.org/1999/xhtml" xml:lang="en" lang="en">
 <head>
  <title>
</title>
<meta http-equiv="Content-Type" content="text/html;charset=utf-8" />
  <meta name='ocr-system' content='tesseract 3.04.00' />
  <meta name='ocr-capabilities' content='ocr_page ocr_carea ocr_par ocr_line ocrx_word'/>
</head>
<body>
  <div class='ocr_page' id='page_1' title='image "./sereniantinoens00heibgoog_0082.png"; bbox 0 0 2488 3938; ppageno 0'>
   <div class='ocr_carea' id='block_1_1' title="bbox 372 172 1098 235">
    <p class='ocr_par' dir='ltr' id='par_1_1' title="bbox 372 172 1098 235">
     <span class='ocr_line' id='line_1_1' title="bbox 372 172 1098 235; baseline 0.001 -11"><span class='ocrx_word' id='word_1_1' title='bbox 372 175 422 225; x_wconf 81' lang='lat' dir='ltr'><strong>DE</strong></span> <span class='ocrx_word' id='word_1_2' title='bbox 441 174 617 226; x_wconf 83' lang='lat' dir='ltr'>SECTIONE</span> <span class='ocrx_word' id='word_1_3' title='bbox 636 174 815 226; x_wconf 84' lang='lat' dir='ltr'>CYLINDRI.</span> <span class='ocrx_word' id='word_1_4' title='bbox 1057 172 1098 235; x_wconf 79' lang='lat'><strong>57</strong></span> 
     </span>
    </p>
   </div>
   <div class='ocr_carea' id='block_1_2' title="bbox 83 315 1102 1042">
    <p class='ocr_par' dir='ltr' id='par_1_2' title="bbox 83 315 1101 703">
     <span class='ocr_line' id='line_1_2' title="bbox 84 315 1101 402; baseline 0.002 -22"><span class='ocrx_word' id='word_1_5' title='bbox 84 315 152 380; x_wconf 77' lang='lat' dir='ltr'><strong>erit</strong></span> <span class='ocrx_word' id='word_1_6' title='bbox 179 315 258 381; x_wconf 65' lang='grc' dir='ltr'><strong>ΕΡ</strong></span> <span class='ocrx_word' id='word_1_7' title='bbox 273 349 313 370; x_wconf 81' lang='lat'>=</span> <span class='ocrx_word' id='word_1_8' title='bbox 331 321 407 400; x_wconf 82' lang='grc' dir='ltr'><strong>ΓΘ,</strong></span> <span class='ocrx_word' id='word_1_9' title='bbox 435 317 522 402; x_wconf 87' lang='lat' dir='ltr'><strong>quod</strong></span> <span class='ocrx_word' id='word_1_10' title='bbox 549 316 665 381; x_wconf 74' lang='lat' dir='ltr'><strong>tertiae</strong></span> <span class='ocrx_word' id='word_1_11' title='bbox 692 315 929 400; x_wconf 72' lang='lat' dir='ltr'>proportionali</span> <span class='ocrx_word' id='word_1_12' title='bbox 954 320 1025 381; x_wconf 92' lang='grc' dir='ltr'><strong>ΓΗ</strong></span> <span class='ocrx_word' id='word_1_13' title='bbox 1049 319 1101 382; x_wconf 79' lang='lat' dir='ltr'><strong>ad-</strong></span> 
     </span>
     <span class='ocr_line' id='line_1_3' title="bbox 83 422 1099 509; baseline 0.001 -22"><span class='ocrx_word' id='word_1_14' title='bbox 83 423 248 509; x_wconf 77' lang='lat' dir='ltr'><strong>plicatum</strong></span> <span class='ocrx_word' id='word_1_15' title='bbox 276 429 326 489; x_wconf 78' lang='lat' dir='ltr'><strong>est</strong></span> <span class='ocrx_word' id='word_1_16' title='bbox 352 424 558 489; x_wconf 78' lang='lat' dir='ltr'><strong>latitudinem</strong></span> <span class='ocrx_word' id='word_1_17' title='bbox 585 423 708 487; x_wconf 81' lang='lat' dir='ltr'><strong>habens</strong></span> <span class='ocrx_word' id='word_1_18' title='bbox 734 425 800 486; x_wconf 92' lang='grc' dir='ltr'><strong>ΖΓ</strong></span> <span class='ocrx_word' id='word_1_19' title='bbox 818 422 969 486; x_wconf 89' lang='lat' dir='ltr'><strong>deficiens</strong></span> <span class='ocrx_word' id='word_1_20' title='bbox 992 425 1099 508; x_wconf 76' lang='lat' dir='ltr'><strong>spatio</strong></span> 
     </span>
     <span class='ocr_line' id='line_1_4' title="bbox 87 530 1100 616; baseline -0.001 -20"><span class='ocrx_word' id='word_1_21' title='bbox 87 534 160 596; x_wconf 81' lang='grc' dir='ltr'><strong>ΘΚ</strong></span> <span class='ocrx_word' id='word_1_22' title='bbox 171 547 215 599; x_wconf 94' lang='grc'><strong>&gt;&lt;</strong></span> <span class='ocrx_word' id='word_1_23' title='bbox 229 534 306 598; x_wconf 89' lang='grc' dir='ltr'><strong>ΚΗ</strong></span> <span class='ocrx_word' id='word_1_24' title='bbox 325 531 424 596; x_wconf 85' lang='lat' dir='ltr'><strong>simili</strong></span> <span class='ocrx_word' id='word_1_25' title='bbox 447 530 637 616; x_wconf 77' lang='lat' dir='ltr'><strong>rectangulo</strong></span> <span class='ocrx_word' id='word_1_26' title='bbox 660 535 694 593; x_wconf 89' lang='grc' dir='ltr'><em>Δ</em></span> <span class='ocrx_word' id='word_1_27' title='bbox 700 531 732 594; x_wconf 92' lang='grc' dir='ltr'><strong><em>Γ</em></strong></span> <span class='ocrx_word' id='word_1_28' title='bbox 741 544 784 598; x_wconf 93' lang='grc'><strong>&gt;&lt;</strong></span> <span class='ocrx_word' id='word_1_29' title='bbox 800 532 880 608; x_wconf 85' lang='grc' dir='ltr'><strong>ΓΗ;</strong></span> <span class='ocrx_word' id='word_1_30' title='bbox 904 551 985 614; x_wconf 84' lang='lat' dir='ltr'><strong>quae</strong></span> <span class='ocrx_word' id='word_1_31' title='bbox 1008 534 1100 595; x_wconf 76' lang='lat' dir='ltr'><strong>erent</strong></span> 
     </span>
     <span class='ocr_line' id='line_1_5' title="bbox 86 639 350 703; baseline -0.004 0"><span class='ocrx_word' id='word_1_32' title='bbox 86 639 350 703; x_wconf 67' lang='lat' dir='ltr'><strong>demonstranda.</strong></span> 
     </span>
    </p>

    <p class='ocr_par' dir='ltr' id='par_1_3' title="bbox 85 742 1102 1042">
     <span class='ocr_line' id='line_1_6' title="bbox 155 742 1102 828; baseline -0.006 -18"><span class='ocrx_word' id='word_1_33' title='bbox 155 744 246 810; x_wconf 85' lang='lat' dir='ltr'><strong>Haec</strong></span> <span class='ocrx_word' id='word_1_34' title='bbox 274 744 539 809; x_wconf 78' lang='lat' dir='ltr'><strong>manifestissime</strong></span> <span class='ocrx_word' id='word_1_35' title='bbox 563 743 685 828; x_wconf 83' lang='lat' dir='ltr'><strong>ellipsis</strong></span> <span class='ocrx_word' id='word_1_36' title='bbox 708 743 841 828; x_wconf 82' lang='lat' dir='ltr'><strong>proprio</strong></span> <span class='ocrx_word' id='word_1_37' title='bbox 864 742 1102 828; x_wconf 74' lang='lat' dir='ltr'><strong>adgnoscebsn-</strong></span> 
     </span>
     <span class='ocr_line' id='line_1_7' title="bbox 85 847 1099 936; baseline -0.005 -19"><span class='ocrx_word' id='word_1_38' title='bbox 85 858 145 917; x_wconf 79' lang='lat' dir='ltr'><strong>tur</strong></span> <span class='ocrx_word' id='word_1_39' title='bbox 171 853 208 916; x_wconf 90' lang='lat' dir='ltr'><strong>in</strong></span> <span class='ocrx_word' id='word_1_40' title='bbox 233 873 325 936; x_wconf 89' lang='lat' dir='ltr'>prop.</span> <span class='ocrx_word' id='word_1_41' title='bbox 354 850 416 915; x_wconf 90' lang='lat' dir='ltr'><strong>XV</strong></span> <span class='ocrx_word' id='word_1_42' title='bbox 444 848 639 914; x_wconf 81' lang='lat' dir='ltr'><strong>Conicorum</strong></span> <span class='ocrx_word' id='word_1_43' title='bbox 667 848 832 934; x_wconf 84' lang='lat' dir='ltr'><strong>[Apollon.</strong></span> <span class='ocrx_word' id='word_1_44' title='bbox 860 848 890 934; x_wconf 82' lang='grc' dir='ltr'><strong>Ι,</strong></span> <span class='ocrx_word' id='word_1_45' title='bbox 921 847 990 934; x_wconf 78' lang='lat'>15];</span> <span class='ocrx_word' id='word_1_46' title='bbox 1022 869 1099 933; x_wconf 84' lang='lat' dir='ltr'><strong>ergo</strong></span> 
     </span>
     <span class='ocr_line' id='line_1_8' title="bbox 85 955 706 1042; baseline -0.003 -18"><span class='ocrx_word' id='word_1_47' title='bbox 85 962 196 1024; x_wconf 87' lang='grc' dir='ltr'><strong>ΑΒΓ</strong></span> <span class='ocrx_word' id='word_1_48' title='bbox 215 958 317 1022; x_wconf 82' lang='lat' dir='ltr'><strong>sectio</strong></span> <span class='ocrx_word' id='word_1_49' title='bbox 341 957 477 1042; x_wconf 79' lang='lat' dir='ltr'><strong>cylindri</strong></span> <span class='ocrx_word' id='word_1_50' title='bbox 501 955 624 1040; x_wconf 87' lang='lat' dir='ltr'><strong>ellipsis</strong></span> <span class='ocrx_word' id='word_1_51' title='bbox 648 960 706 1040; x_wconf 75' lang='lat' dir='ltr'><strong>est.</strong></span> 
     </span>
    </p>
   </div>
   <div class='ocr_carea' id='block_1_3' title="bbox 550 1151 636 1216">
    <p class='ocr_par' dir='ltr' id='par_1_4' title="bbox 550 1151 636 1216">
     <span class='ocr_line' id='line_1_9' title="bbox 550 1151 636 1216; baseline 0 0"><span class='ocrx_word' id='word_1_52' title='bbox 550 1151 636 1216; x_wconf 90' lang='lat' dir='ltr'>XIX.</span> 
     </span>
    </p>
   </div>
   <div class='ocr_carea' id='block_1_4' title="bbox 85 1275 1103 1794">
    <p class='ocr_par' dir='ltr' id='par_1_5' title="bbox 85 1275 1103 1794">
     <span class='ocr_line' id='line_1_10' title="bbox 157 1275 1102 1363; baseline -0.012 -15"><span class='ocrx_word' id='word_1_53' title='bbox 157 1282 195 1348; x_wconf 86' lang='lat' dir='ltr'><strong>Si</strong></span> <span class='ocrx_word' id='word_1_54' title='bbox 238 1283 274 1346; x_wconf 92' lang='lat' dir='ltr'><strong>in</strong></span> <span class='ocrx_word' id='word_1_55' title='bbox 315 1280 458 1346; x_wconf 79' lang='lat' dir='ltr'><strong>sectione</strong></span> <span class='ocrx_word' id='word_1_56' title='bbox 500 1276 637 1363; x_wconf 79' lang='lat' dir='ltr'><strong>cylindri</strong></span> <span class='ocrx_word' id='word_1_57' title='bbox 677 1279 784 1340; x_wconf 76' lang='lat' dir='ltr'><strong>rectae</strong></span> <span class='ocrx_word' id='word_1_58' title='bbox 826 1277 866 1340; x_wconf 81' lang='lat' dir='ltr'><strong>ad</strong></span> <span class='ocrx_word' id='word_1_59' title='bbox 907 1275 1102 1340; x_wconf 74' lang='lat' dir='ltr'><strong>diametrum</strong></span> 
     </span>
     <span class='ocr_line' id='line_1_11' title="bbox 86 1380 1102 1471; baseline -0.012 -15"><span class='ocrx_word' id='word_1_60' title='bbox 86 1391 239 1456; x_wconf 76' lang='lat' dir='ltr'><strong>ordinate</strong></span> <span class='ocrx_word' id='word_1_61' title='bbox 271 1390 446 1471; x_wconf 76' lang='lat' dir='ltr'><strong>ducuntur,</strong></span> <span class='ocrx_word' id='word_1_62' title='bbox 478 1385 636 1469; x_wconf 77' lang='lat' dir='ltr'><strong>quadrato</strong></span> <span class='ocrx_word' id='word_1_63' title='bbox 667 1404 778 1446; x_wconf 87' lang='lat' dir='ltr'><strong>eorum</strong></span> <span class='ocrx_word' id='word_1_64' title='bbox 806 1387 901 1446; x_wconf 78' lang='lat' dir='ltr'><strong>erunt</strong></span> <span class='ocrx_word' id='word_1_65' title='bbox 929 1383 969 1446; x_wconf 84' lang='lat' dir='ltr'><strong>ad</strong></span> <span class='ocrx_word' id='word_1_66' title='bbox 997 1380 1102 1464; x_wconf 72' lang='lat' dir='ltr'><strong>spatia</strong></span> 
     </span>
     <span class='ocr_line' id='line_1_12' title="bbox 85 1488 1103 1582; baseline -0.013 -19"><span class='ocrx_word' id='word_1_67' title='bbox 85 1496 324 1582; x_wconf 79' lang='lat' dir='ltr'><strong>comprehenso</strong></span> <span class='ocrx_word' id='word_1_68' title='bbox 350 1493 449 1559; x_wconf 75' lang='lat' dir='ltr'><strong>rectis</strong></span> <span class='ocrx_word' id='word_1_69' title='bbox 477 1492 518 1558; x_wconf 81' lang='lat' dir='ltr'><strong>ab</strong></span> <span class='ocrx_word' id='word_1_70' title='bbox 545 1491 587 1555; x_wconf 92' lang='lat' dir='ltr'><strong>iis</strong></span> <span class='ocrx_word' id='word_1_71' title='bbox 616 1490 656 1555; x_wconf 82' lang='lat' dir='ltr'><strong>sd</strong></span> <span class='ocrx_word' id='word_1_72' title='bbox 683 1489 840 1553; x_wconf 78' lang='lat' dir='ltr'><strong>terminos</strong></span> <span class='ocrx_word' id='word_1_73' title='bbox 863 1488 975 1552; x_wconf 77' lang='lat' dir='ltr'><strong>lateris</strong></span> <span class='ocrx_word' id='word_1_74' title='bbox 998 1491 1103 1551; x_wconf 78' lang='lat' dir='ltr'><strong>trans-</strong></span> 
     </span>
     <span class='ocr_line' id='line_1_13' title="bbox 85 1594 1102 1689; baseline -0.011 -20"><span class='ocrx_word' id='word_1_75' title='bbox 85 1604 178 1669; x_wconf 87' lang='lat' dir='ltr'><strong>uersi</strong></span> <span class='ocrx_word' id='word_1_76' title='bbox 215 1605 338 1689; x_wconf 83' lang='lat' dir='ltr'><strong>figurae</strong></span> <span class='ocrx_word' id='word_1_77' title='bbox 374 1600 524 1683; x_wconf 84' lang='lat' dir='ltr'><strong>abscisis,</strong></span> <span class='ocrx_word' id='word_1_78' title='bbox 560 1602 597 1662; x_wconf 76' lang='lat' dir='ltr'><strong>nl</strong></span> <span class='ocrx_word' id='word_1_79' title='bbox 629 1597 715 1662; x_wconf 78' lang='lat' dir='ltr'><strong>lctus</strong></span> <span class='ocrx_word' id='word_1_80' title='bbox 748 1599 873 1659; x_wconf 78' lang='lat' dir='ltr'><strong>rectum</strong></span> <span class='ocrx_word' id='word_1_81' title='bbox 905 1596 1029 1679; x_wconf 81' lang='lat' dir='ltr'><strong>figurae</strong></span> <span class='ocrx_word' id='word_1_82' title='bbox 1061 1594 1102 1658; x_wconf 83' lang='lat' dir='ltr'><strong>ad</strong></span> 
     </span>
     <span class='ocr_line' id='line_1_14' title="bbox 85 1699 1102 1794; baseline -0.012 -18"><span class='ocrx_word' id='word_1_83' title='bbox 85 1717 328 1794; x_wconf 78' lang='lat' dir='ltr'><strong>transuersum,</strong></span> <span class='ocrx_word' id='word_1_84' title='bbox 356 1708 442 1772; x_wconf 80' lang='lat' dir='ltr'><strong>inter</strong></span> <span class='ocrx_word' id='word_1_85' title='bbox 471 1728 505 1770; x_wconf 90' lang='lat' dir='ltr'><strong>se</strong></span> <span class='ocrx_word' id='word_1_86' title='bbox 531 1709 653 1789; x_wconf 80' lang='lat' dir='ltr'><strong>autem,</strong></span> <span class='ocrx_word' id='word_1_87' title='bbox 679 1705 717 1766; x_wconf 82' lang='lat' dir='ltr'><strong>ul</strong></span> <span class='ocrx_word' id='word_1_88' title='bbox 741 1700 846 1785; x_wconf 77' lang='lat' dir='ltr'><strong>spolia</strong></span> <span class='ocrx_word' id='word_1_89' title='bbox 870 1699 1102 1783; x_wconf 80' lang='lat' dir='ltr'><strong>comprehensa</strong></span> 
     </span>
    </p>
   </div>
   <div class='ocr_carea' id='block_1_5' title="bbox 675 1805 1104 1891">
    <p class='ocr_par' dir='ltr' id='par_1_6' title="bbox 675 1805 1104 1891">
     <span class='ocr_line' id='line_1_15' title="bbox 675 1805 1104 1891; baseline -0.016 -18"><span class='ocrx_word' id='word_1_90' title='bbox 675 1808 772 1873; x_wconf 74' lang='lat' dir='ltr'><strong>rectis</strong></span> <span class='ocrx_word' id='word_1_91' title='bbox 793 1806 940 1891; x_wconf 77' lang='lat' dir='ltr'><strong>sumptis,</strong></span> <span class='ocrx_word' id='word_1_92' title='bbox 958 1805 1007 1869; x_wconf 79' lang='lat' dir='ltr'><strong>uti</strong></span> <span class='ocrx_word' id='word_1_93' title='bbox 1022 1805 1104 1869; x_wconf 88' lang='lat' dir='ltr'><strong>dixi-</strong></span> 
     </span>
    </p>
   </div>
   <div class='ocr_carea' id='block_1_6' title="bbox 90 2018 1106 3378">
    <p class='ocr_par' dir='ltr' id='par_1_7' title="bbox 742 2018 1103 2105">
     <span class='ocr_line' id='line_1_16' title="bbox 742 2018 1103 2105; baseline -0.008 -20"><span class='ocrx_word' id='word_1_94' title='bbox 742 2022 785 2086; x_wconf 81' lang='lat' dir='ltr'><strong>sil</strong></span> <span class='ocrx_word' id='word_1_95' title='bbox 825 2019 960 2105; x_wconf 82' lang='lat' dir='ltr'><strong>cylindri</strong></span> <span class='ocrx_word' id='word_1_96' title='bbox 1002 2018 1103 2084; x_wconf 79' lang='lat' dir='ltr'><strong>sectio</strong></span> 
     </span>
    </p>

    <p class='ocr_par' dir='ltr' id='par_1_8' title="bbox 675 2126 1104 2210">
     <span class='ocr_line' id='line_1_17' title="bbox 675 2126 1104 2210; baseline -0.007 -18"><span class='ocrx_word' id='word_1_97' title='bbox 675 2133 708 2192; x_wconf 88' lang='lat' dir='ltr'><em>A</em></span> <span class='ocrx_word' id='word_1_98' title='bbox 714 2130 780 2192; x_wconf 90' lang='grc' dir='ltr'><strong>ΒΓ</strong></span> <span class='ocrx_word' id='word_1_99' title='bbox 781 2133 824 2210; x_wconf 84' lang='grc' dir='ltr'><strong>Δ,</strong></span> <span class='ocrx_word' id='word_1_100' title='bbox 848 2126 1023 2190; x_wconf 75' lang='lat' dir='ltr'><strong>diametrus</strong></span> <span class='ocrx_word' id='word_1_101' title='bbox 1048 2149 1104 2190; x_wconf 82' lang='lat' dir='ltr'><strong>ou-</strong></span> 
     </span>
    </p>

    <p class='ocr_par' dir='ltr' id='par_1_9' title="bbox 598 2225 1104 2316">
     <span class='ocr_line' id='line_1_18' title="bbox 598 2225 1104 2316; baseline -0.008 -17"><span class='ocrx_word' id='word_1_102' title='bbox 598 2225 630 2273; x_wconf 82' lang='lat' dir='ltr'><em>A</em></span> <span class='ocrx_word' id='word_1_103' title='bbox 675 2239 742 2298; x_wconf 82' lang='lat' dir='ltr'><strong>lem</strong></span> <span class='ocrx_word' id='word_1_104' title='bbox 754 2234 823 2298; x_wconf 84' lang='lat' dir='ltr'><strong>cius</strong></span> <span class='ocrx_word' id='word_1_105' title='bbox 837 2234 987 2316; x_wconf 76' lang='lat' dir='ltr'><strong>latusque</strong></span> <span class='ocrx_word' id='word_1_106' title='bbox 997 2236 1104 2296; x_wconf 77' lang='lat' dir='ltr'><strong>‘crans-</strong></span> 
     </span>
    </p>

    <p class='ocr_par' dir='ltr' id='par_1_10' title="bbox 675 2339 1104 2423">
     <span class='ocr_line' id='line_1_19' title="bbox 675 2339 1104 2423; baseline -0.005 -21"><span class='ocrx_word' id='word_1_107' title='bbox 675 2361 806 2404; x_wconf 90' lang='lat' dir='ltr'><strong>uersum</strong></span> <span class='ocrx_word' id='word_1_108' title='bbox 851 2339 975 2423; x_wconf 86' lang='lat' dir='ltr'><strong>figurae</strong></span> <span class='ocrx_word' id='word_1_109' title='bbox 1024 2342 1104 2420; x_wconf 82' lang='lat' dir='ltr'><strong>AA,</strong></span> 
     </span>
    </p>

    <p class='ocr_par' dir='ltr' id='par_1_11' title="bbox 674 2441 1105 2509">
     <span class='ocr_line' id='line_1_20' title="bbox 674 2441 1105 2509; baseline -0.005 -1"><span class='ocrx_word' id='word_1_110' title='bbox 674 2448 800 2509; x_wconf 77' lang='lat' dir='ltr'><strong>reolum</strong></span> <span class='ocrx_word' id='word_1_111' title='bbox 823 2448 932 2508; x_wconf 77' lang='lat' dir='ltr'><strong>aulem</strong></span> <span class='ocrx_word' id='word_1_112' title='bbox 960 2441 1046 2506; x_wconf 76' lang='lat' dir='ltr'><strong>lctus</strong></span> <span class='ocrx_word' id='word_1_113' title='bbox 1070 2444 1105 2506; x_wconf 93' lang='lat' dir='ltr'><strong>fi-</strong></span> 
     </span>
    </p>

    <p class='ocr_par' dir='ltr' id='par_1_12' title="bbox 676 2549 1105 2636">
     <span class='ocr_line' id='line_1_21' title="bbox 676 2549 1105 2636; baseline -0.002 -22"><span class='ocrx_word' id='word_1_114' title='bbox 676 2572 775 2636; x_wconf 81' lang='lat' dir='ltr'><strong>gurae</strong></span> <span class='ocrx_word' id='word_1_115' title='bbox 799 2554 885 2634; x_wconf 90' lang='lat' dir='ltr'><strong>AH,</strong></span> <span class='ocrx_word' id='word_1_116' title='bbox 915 2555 949 2614; x_wconf 79' lang='lat' dir='ltr'><strong>el</strong></span> <span class='ocrx_word' id='word_1_117' title='bbox 972 2549 1012 2614; x_wconf 80' lang='lat' dir='ltr'><strong>ed</strong></span> <span class='ocrx_word' id='word_1_118' title='bbox 1035 2556 1105 2615; x_wconf 89' lang='grc' dir='ltr'><strong>ΑΔ</strong></span> 
     </span>
    </p>

    <p class='ocr_par' dir='ltr' id='par_1_13' title="bbox 678 2656 1105 2740">
     <span class='ocr_line' id='line_1_22' title="bbox 678 2656 1105 2740; baseline -0.002 -18"><span class='ocrx_word' id='word_1_119' title='bbox 678 2656 823 2722; x_wconf 78' lang='lat' dir='ltr'><strong>ordinate</strong></span> <span class='ocrx_word' id='word_1_120' title='bbox 850 2657 1007 2721; x_wconf 76' lang='lat' dir='ltr'><strong>ducantur</strong></span> <span class='ocrx_word' id='word_1_121' title='bbox 1031 2661 1105 2740; x_wconf 86' lang='lat' dir='ltr'><strong>BE,</strong></span> 
     </span>
    </p>

    <p class='ocr_par' dir='ltr' id='par_1_14' title="bbox 90 2757 1105 2938">
     <span class='ocr_line' id='line_1_23' title="bbox 92 2757 1105 2845; baseline 0.002 -20"><span class='ocrx_word' id='word_1_122' title='bbox 92 2763 164 2825; x_wconf 90' lang='grc' dir='ltr'><strong>ΖΓ.</strong></span> <span class='ocrx_word' id='word_1_123' title='bbox 216 2760 302 2845; x_wconf 81' lang='lat' dir='ltr'><strong>dico,</strong></span> <span class='ocrx_word' id='word_1_124' title='bbox 334 2781 403 2824; x_wconf 89' lang='lat' dir='ltr'><strong>esse</strong></span> <span class='ocrx_word' id='word_1_125' title='bbox 437 2757 627 2825; x_wconf 57' lang='lat' dir='ltr'><strong>3132:st</strong></span> <span class='ocrx_word' id='word_1_126' title='bbox 644 2780 686 2830; x_wconf 94' lang='grc'><strong>&gt;&lt;</strong></span> <span class='ocrx_word' id='word_1_127' title='bbox 705 2768 773 2828; x_wconf 85' lang='grc' dir='ltr'><strong>ΕΔ</strong></span> <span class='ocrx_word' id='word_1_128' title='bbox 792 2795 834 2816; x_wconf 92' lang='grc'><strong>--</strong></span> <span class='ocrx_word' id='word_1_129' title='bbox 854 2767 952 2828; x_wconf 90' lang='lat' dir='ltr'><strong>HA:</strong></span> <span class='ocrx_word' id='word_1_130' title='bbox 972 2769 1041 2828; x_wconf 89' lang='grc' dir='ltr'><strong>ΑΔ</strong></span> <span class='ocrx_word' id='word_1_131' title='bbox 1073 2767 1105 2828; x_wconf 79' lang='lat' dir='ltr'><strong>et</strong></span> 
     </span>
     <span class='ocr_line' id='line_1_24' title="bbox 90 2865 810 2938; baseline 0.004 -7"><span class='ocrx_word' id='word_1_132' title='bbox 90 2865 810 2938; x_wconf 65' lang='lat' dir='ltr'><strong>133²:Pz2=AE&gt;&lt;EA:Az&gt;&lt;zA.</strong></span> 
     </span>
    </p>

    <p class='ocr_par' dir='ltr' id='par_1_15' title="bbox 159 2973 1105 3059">
     <span class='ocr_line' id='line_1_25' title="bbox 159 2973 1105 3059; baseline 0 -21"><span class='ocrx_word' id='word_1_133' title='bbox 159 2973 314 3058; x_wconf 76' lang='lat' dir='ltr'><strong>quoniam</strong></span> <span class='ocrx_word' id='word_1_134' title='bbox 352 2973 452 3059; x_wconf 86' lang='lat' dir='ltr'><strong>enim,</strong></span> <span class='ocrx_word' id='word_1_135' title='bbox 488 2978 524 3038; x_wconf 76' lang='lat' dir='ltr'><strong>ul</strong></span> <span class='ocrx_word' id='word_1_136' title='bbox 561 2976 755 3059; x_wconf 78' lang='lat' dir='ltr'><strong>quadratum</strong></span> <span class='ocrx_word' id='word_1_137' title='bbox 789 2976 923 3041; x_wconf 74' lang='lat' dir='ltr'><strong>alterius</strong></span> <span class='ocrx_word' id='word_1_138' title='bbox 956 2975 1105 3040; x_wconf 75' lang='lat' dir='ltr'><strong>diametri</strong></span> 
     </span>
    </p>

    <p class='ocr_par' dir='ltr' id='par_1_16' title="bbox 92 3080 1105 3164">
     <span class='ocr_line' id='line_1_26' title="bbox 92 3080 1105 3164; baseline -0.001 -20"><span class='ocrx_word' id='word_1_139' title='bbox 92 3081 133 3144; x_wconf 85' lang='lat' dir='ltr'><strong>ad</strong></span> <span class='ocrx_word' id='word_1_140' title='bbox 175 3081 369 3164; x_wconf 76' lang='lat' dir='ltr'><strong>quadratum</strong></span> <span class='ocrx_word' id='word_1_141' title='bbox 410 3080 575 3164; x_wconf 78' lang='lat' dir='ltr'><strong>diametri,</strong></span> <span class='ocrx_word' id='word_1_142' title='bbox 614 3082 663 3146; x_wconf 75' lang='lat' dir='ltr'><strong>its</strong></span> <span class='ocrx_word' id='word_1_143' title='bbox 699 3088 732 3146; x_wconf 74' lang='lat' dir='ltr'><strong>el</strong></span> <span class='ocrx_word' id='word_1_144' title='bbox 769 3081 846 3146; x_wconf 59' lang='grc' dir='ltr'><strong>ΒΕἓ</strong></span> <span class='ocrx_word' id='word_1_145' title='bbox 865 3106 872 3145; x_wconf 92' lang='lat'>:</span> <span class='ocrx_word' id='word_1_146' title='bbox 892 3086 961 3146; x_wconf 84' lang='grc' dir='ltr'><strong>ΑΕ</strong></span> <span class='ocrx_word' id='word_1_147' title='bbox 978 3097 1019 3148; x_wconf 93' lang='grc'><strong>&gt;&lt;</strong></span> <span class='ocrx_word' id='word_1_148' title='bbox 1038 3085 1105 3145; x_wconf 83' lang='grc' dir='ltr'><strong>ΕΔ</strong></span> 
     </span>
    </p>

    <p class='ocr_par' dir='ltr' id='par_1_17' title="bbox 91 3184 1105 3272">
     <span class='ocr_line' id='line_1_27' title="bbox 91 3184 1105 3272; baseline -0.002 -22"><span class='ocrx_word' id='word_1_149' title='bbox 91 3187 198 3272; x_wconf 87' lang='lat' dir='ltr'>[prop.</span> <span class='ocrx_word' id='word_1_150' title='bbox 217 3184 309 3270; x_wconf 87' lang='lat' dir='ltr'><strong>XVI]</strong></span> <span class='ocrx_word' id='word_1_151' title='bbox 333 3191 366 3250; x_wconf 78' lang='lat' dir='ltr'><strong>et</strong></span> <span class='ocrx_word' id='word_1_152' title='bbox 387 3190 462 3250; x_wconf 88' lang='grc' dir='ltr'><strong>ΑΗ</strong></span> <span class='ocrx_word' id='word_1_153' title='bbox 484 3187 571 3251; x_wconf 81' lang='lat' dir='ltr'><strong>lalus</strong></span> <span class='ocrx_word' id='word_1_154' title='bbox 594 3192 719 3251; x_wconf 78' lang='lat' dir='ltr'><strong>rectum</strong></span> <span class='ocrx_word' id='word_1_155' title='bbox 743 3187 783 3251; x_wconf 83' lang='lat' dir='ltr'><strong>ad</strong></span> <span class='ocrx_word' id='word_1_156' title='bbox 802 3192 871 3251; x_wconf 86' lang='grc' dir='ltr'><strong>ΑΔ</strong></span> <span class='ocrx_word' id='word_1_157' title='bbox 894 3188 979 3251; x_wconf 77' lang='lat' dir='ltr'><strong>lalus</strong></span> <span class='ocrx_word' id='word_1_158' title='bbox 1003 3190 1105 3249; x_wconf 79' lang='lat' dir='ltr'><strong>trans-</strong></span> 
     </span>
    </p>

    <p class='ocr_par' dir='ltr' id='par_1_18' title="bbox 92 3291 1106 3378">
     <span class='ocr_line' id='line_1_28' title="bbox 92 3291 1106 3378; baseline -0.001 -21"><span class='ocrx_word' id='word_1_159' title='bbox 92 3315 227 3358; x_wconf 87' lang='lat' dir='ltr'><strong>uersum</strong></span> <span class='ocrx_word' id='word_1_160' title='bbox 250 3292 355 3377; x_wconf 90' lang='lat' dir='ltr'>[prop.</span> <span class='ocrx_word' id='word_1_161' title='bbox 374 3291 499 3376; x_wconf 73' lang='lat' dir='ltr'><strong>xvm,</strong></span> <span class='ocrx_word' id='word_1_162' title='bbox 523 3292 599 3378; x_wconf 77' lang='lat' dir='ltr'><strong>erit,</strong></span> <span class='ocrx_word' id='word_1_163' title='bbox 621 3297 658 3357; x_wconf 81' lang='lat' dir='ltr'><strong>ul</strong></span> <span class='ocrx_word' id='word_1_164' title='bbox 680 3293 767 3357; x_wconf 75' lang='lat' dir='ltr'><strong>latus</strong></span> <span class='ocrx_word' id='word_1_165' title='bbox 791 3297 916 3358; x_wconf 76' lang='lat' dir='ltr'><strong>rectum</strong></span> <span class='ocrx_word' id='word_1_166' title='bbox 940 3292 980 3356; x_wconf 80' lang='lat' dir='ltr'><strong>sd</strong></span> <span class='ocrx_word' id='word_1_167' title='bbox 1003 3296 1106 3356; x_wconf 81' lang='lat' dir='ltr'><strong>trans-</strong></span> 
     </span>
    </p>
   </div>
   <div class='ocr_carea' id='block_1_7' title="bbox 128 3448 1104 3594">
    <p class='ocr_par' dir='ltr' id='par_1_19' title="bbox 128 3448 1104 3594">
     <span class='ocr_line' id='line_1_29' title="bbox 128 3448 1104 3522; baseline -0.002 -16"><span class='ocrx_word' id='word_1_168' title='bbox 128 3457 172 3506; x_wconf 81' lang='lat'><strong>20.</strong></span> <span class='ocrx_word' id='word_1_169' title='bbox 193 3449 278 3522; x_wconf 79' lang='grc' dir='ltr'><strong>ἐστιν]</strong></span> <span class='ocrx_word' id='word_1_170' title='bbox 299 3467 351 3506; x_wconf 91' lang='lat' dir='ltr'><strong>om.</strong></span> <span class='ocrx_word' id='word_1_171' title='bbox 370 3469 397 3520; x_wconf 89' lang='lat' dir='ltr'><strong>p.</strong></span> <span class='ocrx_word' id='word_1_172' title='bbox 461 3453 787 3522; x_wconf 69' lang='lat' dir='ltr'><strong>21.AZA]A4lZAc.</strong></span> <span class='ocrx_word' id='word_1_173' title='bbox 851 3448 1104 3519; x_wconf 80' lang='lat' dir='ltr'>24.AH]HAp.</span> 
     </span>
     <span class='ocr_line' id='line_1_30' title="bbox 128 3521 571 3594; baseline -0.002 -17"><span class='ocrx_word' id='word_1_174' title='bbox 128 3523 194 3594; x_wconf 83' lang='grc' dir='ltr'><strong>ΑΔ]</strong></span> <span class='ocrx_word' id='word_1_175' title='bbox 213 3527 263 3577; x_wconf 88' lang='lat' dir='ltr'><strong>AB</strong></span> <span class='ocrx_word' id='word_1_176' title='bbox 282 3522 363 3592; x_wconf 85' lang='lat' dir='ltr'><strong>ch,</strong></span> <span class='ocrx_word' id='word_1_177' title='bbox 382 3538 450 3576; x_wconf 90' lang='lat' dir='ltr'><strong>corr.</strong></span> <span class='ocrx_word' id='word_1_178' title='bbox 468 3521 571 3576; x_wconf 84' lang='lat' dir='ltr'><strong>Oomm.</strong></span> 
     </span>
    </p>
   </div>
   <div class='ocr_carea' id='block_1_8' title="bbox 0 0 1256 3938">
    <p class='ocr_par' dir='ltr' id='par_1_20' title="bbox 0 0 1256 3938">
     <span class='ocr_line' id='line_1_31' title="bbox 0 0 1256 3938; baseline 0 0"><span class='ocrx_word' id='word_1_179' title='bbox 0 0 1256 3938; x_wconf 95' lang='lat' dir='ltr'><strong> </strong></span> 
     </span>
    </p>
   </div>
  </div>
 </body>
</html>
