<?xml version="1.0" encoding="UTF-8"?>
<!DOCTYPE html PUBLIC "-//W3C//DTD XHTML 1.0 Transitional//EN"
    "http://www.w3.org/TR/xhtml1/DTD/xhtml1-transitional.dtd">
<html xmlns="http://www.w3.org/1999/xhtml" xml:lang="en" lang="en">
 <head>
  <title>
</title>
<meta http-equiv="Content-Type" content="text/html;charset=utf-8" />
  <meta name='ocr-system' content='tesseract 3.04.00' />
  <meta name='ocr-capabilities' content='ocr_page ocr_carea ocr_par ocr_line ocrx_word'/>
</head>
<body>
  <div class='ocr_page' id='page_1' title='image "./sereniantinoens00heibgoog_0081.png"; bbox 0 0 2488 3938; ppageno 0'>
   <div class='ocr_carea' id='block_1_1' title="bbox 143 137 887 200">
    <p class='ocr_par' dir='ltr' id='par_1_1' title="bbox 143 137 887 200">
     <span class='ocr_line' id='line_1_1' title="bbox 143 137 887 200; baseline 0.009 -12"><span class='ocrx_word' id='word_1_1' title='bbox 143 137 187 200; x_wconf 80' lang='lat'><strong><em>56</em></strong></span> <span class='ocrx_word' id='word_1_2' title='bbox 412 141 500 190; x_wconf 86' lang='grc' dir='ltr'>ΠΕΡΙ</span> <span class='ocrx_word' id='word_1_3' title='bbox 518 139 732 192; x_wconf 80' lang='grc' dir='ltr'><strong>ΚΤΛΙΝΔΡΟΤ</strong></span> <span class='ocrx_word' id='word_1_4' title='bbox 749 142 887 195; x_wconf 85' lang='grc' dir='ltr'><strong>ΤΟΜΗΣ.</strong></span> 
     </span>
    </p>
   </div>
   <div class='ocr_carea' id='block_1_2' title="bbox 110 279 1166 902">
    <p class='ocr_par' dir='ltr' id='par_1_2' title="bbox 110 279 1166 902">
     <span class='ocr_line' id='line_1_2' title="bbox 145 279 1165 369; baseline 0.003 -24"><span class='ocrx_word' id='word_1_5' title='bbox 145 281 163 346; x_wconf 88' lang='grc' dir='ltr'><strong><em>δ</em></strong></span> <span class='ocrx_word' id='word_1_6' title='bbox 190 279 434 366; x_wconf 78' lang='grc' dir='ltr'><strong><em>παραβέβληται</em></strong></span> <span class='ocrx_word' id='word_1_7' title='bbox 460 284 549 369; x_wconf 85' lang='grc' dir='ltr'><strong><em>παρδι</em></strong></span> <span class='ocrx_word' id='word_1_8' title='bbox 577 286 638 368; x_wconf 81' lang='grc' dir='ltr'><strong><em>τὴν</em></strong></span> <span class='ocrx_word' id='word_1_9' title='bbox 665 286 780 369; x_wconf 81' lang='grc' dir='ltr'><strong><em>τρίτην</em></strong></span> <span class='ocrx_word' id='word_1_10' title='bbox 808 284 974 367; x_wconf 80' lang='grc' dir='ltr'><strong><em>ἀνάλογον</em></strong></span> <span class='ocrx_word' id='word_1_11' title='bbox 1001 286 1062 367; x_wconf 79' lang='grc' dir='ltr'><strong><em>τὴν</em></strong></span> <span class='ocrx_word' id='word_1_12' title='bbox 1090 287 1165 348; x_wconf 86' lang='grc' dir='ltr'><strong><em>ΓΗ</em></strong></span> 
     </span>
     <span class='ocr_line' id='line_1_3' title="bbox 144 389 1166 479; baseline 0.004 -27"><span class='ocrx_word' id='word_1_13' title='bbox 144 389 267 464; x_wconf 81' lang='grc' dir='ltr'><strong><em>πλάτος</em></strong></span> <span class='ocrx_word' id='word_1_14' title='bbox 298 391 373 472; x_wconf 77' lang='grc' dir='ltr'><strong><em>ἕχον</em></strong></span> <span class='ocrx_word' id='word_1_15' title='bbox 405 391 466 472; x_wconf 79' lang='grc' dir='ltr'><strong><em>τὴν</em></strong></span> <span class='ocrx_word' id='word_1_16' title='bbox 499 393 565 454; x_wconf 92' lang='grc' dir='ltr'><strong><em>ΖΓ</em></strong></span> <span class='ocrx_word' id='word_1_17' title='bbox 592 389 742 455; x_wconf 76' lang='grc' dir='ltr'><strong><em>ἐλλεῖπον</em></strong></span> <span class='ocrx_word' id='word_1_18' title='bbox 775 392 855 456; x_wconf 87' lang='grc' dir='ltr'><strong><em>είδει</em></strong></span> <span class='ocrx_word' id='word_1_19' title='bbox 885 399 929 479; x_wconf 75' lang='grc' dir='ltr'><strong><em>τῷ</em></strong></span> <span class='ocrx_word' id='word_1_20' title='bbox 957 392 1022 455; x_wconf 83' lang='grc' dir='ltr'><strong><em>ὑπὸ</em></strong></span> <span class='ocrx_word' id='word_1_21' title='bbox 1053 394 1166 456; x_wconf 61' lang='lat' dir='ltr'><strong><em>&amp;KH</em></strong></span> 
     </span>
     <span class='ocr_line' id='line_1_4' title="bbox 146 494 880 583; baseline 0.003 -24"><span class='ocrx_word' id='word_1_22' title='bbox 146 494 248 582; x_wconf 78' lang='grc' dir='ltr'><strong><em>ὁμοίω</em></strong></span> <span class='ocrx_word' id='word_1_23' title='bbox 272 505 316 583; x_wconf 75' lang='grc' dir='ltr'><strong><em>τῷ</em></strong></span> <span class='ocrx_word' id='word_1_24' title='bbox 341 495 405 559; x_wconf 89' lang='grc' dir='ltr'><strong><em>ὑπὸ</em></strong></span> <span class='ocrx_word' id='word_1_25' title='bbox 428 499 548 560; x_wconf 84' lang='grc' dir='ltr'><em>ΑΓΗ·</em></span> <span class='ocrx_word' id='word_1_26' title='bbox 572 497 654 582; x_wconf 82' lang='grc' dir='ltr'><strong><em>δίπερ</em></strong></span> <span class='ocrx_word' id='word_1_27' title='bbox 678 498 745 562; x_wconf 78' lang='grc' dir='ltr'><strong><em>ἔδει</em></strong></span> <span class='ocrx_word' id='word_1_28' title='bbox 769 495 880 574; x_wconf 77' lang='grc' dir='ltr'><strong><em>δείξαι.</em></strong></span> 
     </span>
     <span class='ocr_line' id='line_1_5' title="bbox 216 600 1157 693; baseline 0.005 -28"><span class='ocrx_word' id='word_1_29' title='bbox 216 606 325 666; x_wconf 87' lang='grc' dir='ltr'><strong><em>Ταῦτα</em></strong></span> <span class='ocrx_word' id='word_1_30' title='bbox 348 600 534 686; x_wconf 82' lang='grc' dir='ltr'><strong><em>σαφέστατα</em></strong></span> <span class='ocrx_word' id='word_1_31' title='bbox 557 605 805 690; x_wconf 76' lang='grc' dir='ltr'><strong><em>παρηκολούθει</em></strong></span> <span class='ocrx_word' id='word_1_32' title='bbox 828 613 867 688; x_wconf 75' lang='grc' dir='ltr'><strong><em>τῇ</em></strong></span> <span class='ocrx_word' id='word_1_33' title='bbox 891 603 1032 683; x_wconf 74' lang='grc' dir='ltr'><strong><em>ἐλλείψει</em></strong></span> <span class='ocrx_word' id='word_1_34' title='bbox 1056 604 1092 670; x_wconf 87' lang='grc' dir='ltr'><strong><em>έν</em></strong></span> <span class='ocrx_word' id='word_1_35' title='bbox 1109 616 1157 693; x_wconf 74' lang='grc' dir='ltr'><strong><em>τῷ</em></strong></span> 
     </span>
     <span class='ocr_line' id='line_1_6' title="bbox 110 706 1161 798; baseline 0.004 -26"><span class='ocrx_word' id='word_1_36' title='bbox 110 706 188 772; x_wconf 80' lang='grc' dir='ltr'><strong><em>5ιε’</em></strong></span> <span class='ocrx_word' id='word_1_37' title='bbox 220 709 411 794; x_wconf 73' lang='grc' dir='ltr'><strong><em>θεωρήματι</em></strong></span> <span class='ocrx_word' id='word_1_38' title='bbox 443 719 510 773; x_wconf 82' lang='grc' dir='ltr'><strong><em>τῶν</em></strong></span> <span class='ocrx_word' id='word_1_39' title='bbox 542 712 717 775; x_wconf 82' lang='grc' dir='ltr'><strong><em>Κυνικῶν·</em></strong></span> <span class='ocrx_word' id='word_1_40' title='bbox 750 714 893 788; x_wconf 75' lang='grc' dir='ltr'><strong><em>ἔλλειψις</em></strong></span> <span class='ocrx_word' id='word_1_41' title='bbox 922 713 986 798; x_wconf 77' lang='grc' dir='ltr'><strong><em>ἄρα</em></strong></span> <span class='ocrx_word' id='word_1_42' title='bbox 1017 710 1107 776; x_wconf 78' lang='grc' dir='ltr'><strong><em>ἐστὶν</em></strong></span> <span class='ocrx_word' id='word_1_43' title='bbox 1138 712 1161 795; x_wconf 79' lang='grc' dir='ltr'><em>ἡ</em></span> 
     </span>
     <span class='ocr_line' id='line_1_7' title="bbox 146 815 638 902; baseline 0.004 -23"><span class='ocrx_word' id='word_1_44' title='bbox 146 818 251 879; x_wconf 91' lang='grc' dir='ltr'><strong><em>ΑΒΓ</em></strong></span> <span class='ocrx_word' id='word_1_45' title='bbox 268 815 350 898; x_wconf 78' lang='grc' dir='ltr'><strong><em>τομὴ</em></strong></span> <span class='ocrx_word' id='word_1_46' title='bbox 369 823 428 878; x_wconf 87' lang='grc' dir='ltr'><strong><em>τοῦ</em></strong></span> <span class='ocrx_word' id='word_1_47' title='bbox 446 816 638 902; x_wconf 78' lang='grc' dir='ltr'><strong><em>κυλίνδρου.</em></strong></span> 
     </span>
    </p>
   </div>
   <div class='ocr_carea' id='block_1_3' title="bbox 31 1011 1168 3033">
    <p class='ocr_par' dir='ltr' id='par_1_3' title="bbox 149 1011 1165 1329">
     <span class='ocr_line' id='line_1_8' title="bbox 622 1011 683 1077; baseline 0.016 -1"><span class='ocrx_word' id='word_1_48' title='bbox 622 1011 683 1077; x_wconf 84' lang='grc' dir='ltr'><strong><em>ιθ’.</em></strong></span> 
     </span>
     <span class='ocr_line' id='line_1_9' title="bbox 211 1133 1165 1222; baseline 0 -22"><span class='ocrx_word' id='word_1_49' title='bbox 211 1135 287 1200; x_wconf 81' lang='grc' dir='ltr'><strong><em>Ἐὰν</em></strong></span> <span class='ocrx_word' id='word_1_50' title='bbox 318 1135 354 1201; x_wconf 90' lang='grc' dir='ltr'><strong><em>ε’ν</em></strong></span> <span class='ocrx_word' id='word_1_51' title='bbox 380 1133 562 1222; x_wconf 77' lang='grc' dir='ltr'><strong><em>κυλίνδρου</em></strong></span> <span class='ocrx_word' id='word_1_52' title='bbox 590 1146 672 1222; x_wconf 76' lang='grc' dir='ltr'><strong><em>τομῇ</em></strong></span> <span class='ocrx_word' id='word_1_53' title='bbox 696 1136 824 1200; x_wconf 76' lang='grc' dir='ltr'><strong><em>εὐθεῖαι</em></strong></span> <span class='ocrx_word' id='word_1_54' title='bbox 850 1135 1001 1220; x_wconf 81' lang='grc' dir='ltr'><strong><em>ἀχθῶσιν</em></strong></span> <span class='ocrx_word' id='word_1_55' title='bbox 1025 1135 1078 1202; x_wconf 83' lang='grc' dir='ltr'><strong><em>ε’πλ</em></strong></span> <span class='ocrx_word' id='word_1_56' title='bbox 1101 1137 1165 1220; x_wconf 77' lang='grc' dir='ltr'><strong><em>τὴν</em></strong></span> 
     </span>
     <span class='ocr_line' id='line_1_10' title="bbox 149 1240 1164 1329; baseline 0.001 -23"><span class='ocrx_word' id='word_1_57' title='bbox 149 1243 325 1329; x_wconf 80' lang='grc' dir='ltr'><strong><em>διάμετρον</em></strong></span> <span class='ocrx_word' id='word_1_58' title='bbox 345 1241 557 1326; x_wconf 79' lang='grc' dir='ltr'><strong><em>τεταγμένως,</em></strong></span> <span class='ocrx_word' id='word_1_59' title='bbox 581 1246 671 1308; x_wconf 81' lang='grc' dir='ltr'><strong><em>ἔσται</em></strong></span> <span class='ocrx_word' id='word_1_60' title='bbox 694 1244 733 1306; x_wconf 85' lang='grc' dir='ltr'><strong><em>τδι</em></strong></span> <span class='ocrx_word' id='word_1_61' title='bbox 757 1240 813 1306; x_wconf 80' lang='grc' dir='ltr'><strong><em>ἀπ’</em></strong></span> <span class='ocrx_word' id='word_1_62' title='bbox 839 1243 950 1308; x_wconf 82' lang='grc' dir='ltr'><strong><em>αὐτῶν</em></strong></span> <span class='ocrx_word' id='word_1_63' title='bbox 973 1243 1164 1329; x_wconf 79' lang='grc' dir='ltr'><strong><em>τετράγωνα</em></strong></span> 
     </span>
    </p>

    <p class='ocr_par' dir='ltr' id='par_1_4' title="bbox 96 1345 1165 1862">
     <span class='ocr_line' id='line_1_11' title="bbox 96 1345 1164 1436; baseline 0.004 -26"><span class='ocrx_word' id='word_1_64' title='bbox 96 1362 130 1410; x_wconf 88' lang='grc'><strong><em>10</em></strong></span> <span class='ocrx_word' id='word_1_65' title='bbox 148 1349 231 1434; x_wconf 88' lang='grc' dir='ltr'><strong><em>πρὸς</em></strong></span> <span class='ocrx_word' id='word_1_66' title='bbox 253 1345 313 1432; x_wconf 73' lang='grc' dir='ltr'><strong><em>μὲν</em></strong></span> <span class='ocrx_word' id='word_1_67' title='bbox 336 1350 376 1413; x_wconf 84' lang='grc' dir='ltr'><strong><em>τὰ</em></strong></span> <span class='ocrx_word' id='word_1_68' title='bbox 397 1352 611 1435; x_wconf 84' lang='grc' dir='ltr'><strong><em>περιεχόμενα</em></strong></span> <span class='ocrx_word' id='word_1_69' title='bbox 634 1353 738 1436; x_wconf 81' lang='grc' dir='ltr'><strong><em>χωρία</em></strong></span> <span class='ocrx_word' id='word_1_70' title='bbox 760 1349 826 1414; x_wconf 84' lang='grc' dir='ltr'><strong><em>ὑπὸ</em></strong></span> <span class='ocrx_word' id='word_1_71' title='bbox 845 1360 912 1414; x_wconf 85' lang='grc' dir='ltr'><strong><em>τῶν</em></strong></span> <span class='ocrx_word' id='word_1_72' title='bbox 931 1349 1164 1434; x_wconf 82' lang='grc' dir='ltr'><strong><em>ἀπολαμβανο-</em></strong></span> 
     </span>
     <span class='ocr_line' id='line_1_12' title="bbox 147 1452 1163 1542; baseline 0 -23"><span class='ocrx_word' id='word_1_73' title='bbox 147 1452 256 1539; x_wconf 90' lang='grc' dir='ltr'><strong><em>μένων</em></strong></span> <span class='ocrx_word' id='word_1_74' title='bbox 287 1453 345 1520; x_wconf 86' lang='grc' dir='ltr'><strong><em>ὑπ’</em></strong></span> <span class='ocrx_word' id='word_1_75' title='bbox 371 1456 481 1521; x_wconf 84' lang='grc' dir='ltr'><strong><em>αὐτῶν</em></strong></span> <span class='ocrx_word' id='word_1_76' title='bbox 508 1457 591 1542; x_wconf 89' lang='grc' dir='ltr'><strong><em>πρὸς</em></strong></span> <span class='ocrx_word' id='word_1_77' title='bbox 620 1468 690 1532; x_wconf 83' lang='grc' dir='ltr'><strong><em>τοῖς</em></strong></span> <span class='ocrx_word' id='word_1_78' title='bbox 716 1455 834 1541; x_wconf 84' lang='grc' dir='ltr'><strong><em>πέρασι</em></strong></span> <span class='ocrx_word' id='word_1_79' title='bbox 857 1465 915 1539; x_wconf 81' lang='grc' dir='ltr'><strong><em>τῆς</em></strong></span> <span class='ocrx_word' id='word_1_80' title='bbox 938 1459 1079 1538; x_wconf 81' lang='grc' dir='ltr'><strong><em>πλαγίας</em></strong></span> <span class='ocrx_word' id='word_1_81' title='bbox 1100 1465 1163 1520; x_wconf 89' lang='grc' dir='ltr'><strong><em>τοῦ</em></strong></span> 
     </span>
     <span class='ocr_line' id='line_1_13' title="bbox 147 1563 1164 1650; baseline 0.001 -24"><span class='ocrx_word' id='word_1_82' title='bbox 147 1563 258 1640; x_wconf 82' lang='grc' dir='ltr'><strong><em>είδους</em></strong></span> <span class='ocrx_word' id='word_1_83' title='bbox 285 1568 443 1650; x_wconf 82' lang='grc' dir='ltr'><strong><em>πλευρᾶς,</em></strong></span> <span class='ocrx_word' id='word_1_84' title='bbox 474 1563 518 1639; x_wconf 84' lang='grc' dir='ltr'><strong><em>ως</em></strong></span> <span class='ocrx_word' id='word_1_85' title='bbox 540 1572 601 1627; x_wconf 87' lang='grc' dir='ltr'><strong><em>τοῦ</em></strong></span> <span class='ocrx_word' id='word_1_86' title='bbox 624 1564 735 1639; x_wconf 75' lang='grc' dir='ltr'><strong><em>εἴδους</em></strong></span> <span class='ocrx_word' id='word_1_87' title='bbox 757 1563 777 1646; x_wconf 80' lang='grc' dir='ltr'><strong><em>ἡ</em></strong></span> <span class='ocrx_word' id='word_1_88' title='bbox 801 1563 903 1647; x_wconf 87' lang='grc' dir='ltr'><strong><em>ὀρθία</em></strong></span> <span class='ocrx_word' id='word_1_89' title='bbox 930 1564 1057 1647; x_wconf 81' lang='grc' dir='ltr'><strong><em>πλευρὰ</em></strong></span> <span class='ocrx_word' id='word_1_90' title='bbox 1079 1564 1164 1648; x_wconf 88' lang='grc' dir='ltr'><strong><em>πρὸς</em></strong></span> 
     </span>
     <span class='ocr_line' id='line_1_14' title="bbox 146 1667 1165 1756; baseline -0.001 -23"><span class='ocrx_word' id='word_1_91' title='bbox 146 1670 208 1753; x_wconf 78' lang='grc' dir='ltr'><strong><em>τὴν</em></strong></span> <span class='ocrx_word' id='word_1_92' title='bbox 229 1673 383 1754; x_wconf 80' lang='grc' dir='ltr'><strong><em>πλαγίαν,</em></strong></span> <span class='ocrx_word' id='word_1_93' title='bbox 406 1670 489 1756; x_wconf 91' lang='grc' dir='ltr'><strong><em>πρὸς</em></strong></span> <span class='ocrx_word' id='word_1_94' title='bbox 512 1667 611 1734; x_wconf 82' lang='grc' dir='ltr'><strong><em>ἕαυτδι</em></strong></span> <span class='ocrx_word' id='word_1_95' title='bbox 636 1669 681 1753; x_wconf 84' lang='grc' dir='ltr'><strong><em>δέ,</em></strong></span> <span class='ocrx_word' id='word_1_96' title='bbox 703 1669 748 1746; x_wconf 85' lang='grc' dir='ltr'><strong><em>ὡς</em></strong></span> <span class='ocrx_word' id='word_1_97' title='bbox 766 1670 806 1733; x_wconf 82' lang='grc' dir='ltr'><strong><em>τὰ</em></strong></span> <span class='ocrx_word' id='word_1_98' title='bbox 824 1672 1039 1754; x_wconf 84' lang='grc' dir='ltr'><strong><em>περιεχόμενα</em></strong></span> <span class='ocrx_word' id='word_1_99' title='bbox 1056 1672 1165 1753; x_wconf 91' lang='grc' dir='ltr'><strong><em>χωρία</em></strong></span> 
     </span>
     <span class='ocr_line' id='line_1_15' title="bbox 147 1774 1001 1862; baseline -0.001 -21"><span class='ocrx_word' id='word_1_100' title='bbox 147 1776 212 1841; x_wconf 87' lang='grc' dir='ltr'><strong><em>ὑπὸ</em></strong></span> <span class='ocrx_word' id='word_1_101' title='bbox 235 1787 312 1860; x_wconf 84' lang='grc' dir='ltr'><strong><em>τῶν,</em></strong></span> <span class='ocrx_word' id='word_1_102' title='bbox 337 1777 381 1853; x_wconf 84' lang='grc' dir='ltr'><strong><em>ὡς</em></strong></span> <span class='ocrx_word' id='word_1_103' title='bbox 403 1782 544 1862; x_wconf 84' lang='grc' dir='ltr'><strong><em>είρηται,</em></strong></span> <span class='ocrx_word' id='word_1_104' title='bbox 567 1774 826 1860; x_wconf 84' lang='grc' dir='ltr'><strong><em>λαμβανομένων</em></strong></span> <span class='ocrx_word' id='word_1_105' title='bbox 849 1776 1001 1841; x_wconf 84' lang='grc' dir='ltr'><strong><em>εὐθειῶν.</em></strong></span> 
     </span>
    </p>

    <p class='ocr_par' dir='ltr' id='par_1_5' title="bbox 95 1877 1168 2285">
     <span class='ocr_line' id='line_1_16' title="bbox 95 1877 1165 1968; baseline 0.002 -25"><span class='ocrx_word' id='word_1_106' title='bbox 95 1894 127 1943; x_wconf 84' lang='lat'><strong><em>15</em></strong></span> <span class='ocrx_word' id='word_1_107' title='bbox 215 1885 297 1947; x_wconf 79' lang='grc' dir='ltr'><strong><em>ἔστω</em></strong></span> <span class='ocrx_word' id='word_1_108' title='bbox 321 1884 502 1968; x_wconf 80' lang='grc' dir='ltr'><strong><em>κυλίνδρου</em></strong></span> <span class='ocrx_word' id='word_1_109' title='bbox 526 1882 608 1966; x_wconf 77' lang='grc' dir='ltr'><strong><em>τομὴ</em></strong></span> <span class='ocrx_word' id='word_1_110' title='bbox 631 1881 651 1965; x_wconf 83' lang='grc' dir='ltr'><em>ἡ</em></span> <span class='ocrx_word' id='word_1_111' title='bbox 671 1885 822 1966; x_wconf 87' lang='grc' dir='ltr'><em>ΑΒΓΔ,</em></span> <span class='ocrx_word' id='word_1_112' title='bbox 846 1882 1020 1968; x_wconf 76' lang='grc' dir='ltr'><strong><em>διάμετρος</em></strong></span> <span class='ocrx_word' id='word_1_113' title='bbox 1043 1877 1080 1945; x_wconf 71' lang='grc' dir='ltr'><strong><em>δὲ</em></strong></span> <span class='ocrx_word' id='word_1_114' title='bbox 1103 1881 1165 1946; x_wconf 89' lang='grc' dir='ltr'><strong><em>αὐ-</em></strong></span> 
     </span>
     <span class='ocr_line' id='line_1_17' title="bbox 147 1985 1166 2074; baseline -0.001 -22"><span class='ocrx_word' id='word_1_115' title='bbox 147 1997 204 2071; x_wconf 78' lang='grc' dir='ltr'><strong><em>τῆς</em></strong></span> <span class='ocrx_word' id='word_1_116' title='bbox 231 1987 251 2070; x_wconf 80' lang='grc' dir='ltr'><strong><em>ἡ</em></strong></span> <span class='ocrx_word' id='word_1_117' title='bbox 280 1993 349 2052; x_wconf 86' lang='grc' dir='ltr'><strong><em>ΑΛ</em></strong></span> <span class='ocrx_word' id='word_1_118' title='bbox 376 1986 432 2052; x_wconf 84' lang='grc' dir='ltr'><strong><em>καὶ</em></strong></span> <span class='ocrx_word' id='word_1_119' title='bbox 459 1991 581 2070; x_wconf 90' lang='grc' dir='ltr'><strong><em>πλαγία</em></strong></span> <span class='ocrx_word' id='word_1_120' title='bbox 608 1990 734 2074; x_wconf 83' lang='grc' dir='ltr'><strong><em>πλευρὰ</em></strong></span> <span class='ocrx_word' id='word_1_121' title='bbox 761 1997 821 2053; x_wconf 88' lang='grc' dir='ltr'><strong><em>τοῦ</em></strong></span> <span class='ocrx_word' id='word_1_122' title='bbox 849 1990 975 2071; x_wconf 83' lang='grc' dir='ltr'><strong><em>είδους,</em></strong></span> <span class='ocrx_word' id='word_1_123' title='bbox 999 1987 1102 2074; x_wconf 90' lang='grc' dir='ltr'><strong><em>ὀρθία</em></strong></span> <span class='ocrx_word' id='word_1_124' title='bbox 1126 1985 1166 2052; x_wconf 75' lang='grc' dir='ltr'><strong><em>δὲ</em></strong></span> 
     </span>
     <span class='ocr_line' id='line_1_18' title="bbox 148 2092 1167 2180; baseline 0.002 -24"><span class='ocrx_word' id='word_1_125' title='bbox 148 2101 207 2157; x_wconf 88' lang='grc' dir='ltr'><strong><em>τοῦ</em></strong></span> <span class='ocrx_word' id='word_1_126' title='bbox 227 2093 338 2170; x_wconf 87' lang='grc' dir='ltr'><strong><em>είδους</em></strong></span> <span class='ocrx_word' id='word_1_127' title='bbox 355 2095 480 2180; x_wconf 84' lang='grc' dir='ltr'><strong><em>πλευρὰ</em></strong></span> <span class='ocrx_word' id='word_1_128' title='bbox 498 2093 519 2177; x_wconf 79' lang='grc' dir='ltr'>ἡ</span> <span class='ocrx_word' id='word_1_129' title='bbox 538 2099 624 2178; x_wconf 84' lang='grc' dir='ltr'><strong><em>ΑΗ,</em></strong></span> <span class='ocrx_word' id='word_1_130' title='bbox 643 2092 698 2159; x_wconf 82' lang='grc' dir='ltr'><strong><em>καὶ</em></strong></span> <span class='ocrx_word' id='word_1_131' title='bbox 717 2092 770 2159; x_wconf 80' lang='grc' dir='ltr'><strong><em>ἐπὶ</em></strong></span> <span class='ocrx_word' id='word_1_132' title='bbox 788 2096 849 2178; x_wconf 80' lang='grc' dir='ltr'><strong><em>τὴν</em></strong></span> <span class='ocrx_word' id='word_1_133' title='bbox 870 2100 941 2159; x_wconf 87' lang='grc' dir='ltr'><strong><em>ΑΛ</em></strong></span> <span class='ocrx_word' id='word_1_134' title='bbox 958 2092 1167 2178; x_wconf 78' lang='grc' dir='ltr'><strong><em>τεταγμένως</em></strong></span> 
     </span>
     <span class='ocr_line' id='line_1_19' title="bbox 147 2198 1168 2285; baseline 0 -21"><span class='ocrx_word' id='word_1_135' title='bbox 147 2201 307 2284; x_wconf 71' lang='grc' dir='ltr'><strong><em>ἤχθωσαν</em></strong></span> <span class='ocrx_word' id='word_1_136' title='bbox 331 2201 367 2264; x_wconf 88' lang='grc' dir='ltr'><strong><em>αί</em></strong></span> <span class='ocrx_word' id='word_1_137' title='bbox 388 2204 461 2283; x_wconf 86' lang='grc' dir='ltr'><strong><em>ΒΕ,</em></strong></span> <span class='ocrx_word' id='word_1_138' title='bbox 483 2203 551 2265; x_wconf 91' lang='grc' dir='ltr'><strong><em>ΖΓ.</em></strong></span> <span class='ocrx_word' id='word_1_139' title='bbox 595 2199 689 2285; x_wconf 83' lang='grc' dir='ltr'><strong><em>λέγω,</em></strong></span> <span class='ocrx_word' id='word_1_140' title='bbox 714 2202 824 2267; x_wconf 80' lang='grc' dir='ltr'><strong><em>ὅτιτὸ</em></strong></span> <span class='ocrx_word' id='word_1_141' title='bbox 848 2198 908 2285; x_wconf 78' lang='grc' dir='ltr'><strong><em>μὲν</em></strong></span> <span class='ocrx_word' id='word_1_142' title='bbox 931 2201 994 2266; x_wconf 85' lang='grc' dir='ltr'><strong><em>ἀπὸ</em></strong></span> <span class='ocrx_word' id='word_1_143' title='bbox 1017 2209 1076 2283; x_wconf 83' lang='grc' dir='ltr'><strong><em>τῆς</em></strong></span> <span class='ocrx_word' id='word_1_144' title='bbox 1100 2203 1168 2264; x_wconf 86' lang='grc' dir='ltr'><strong><em>ΒΕ</em></strong></span> 
     </span>
    </p>

    <p class='ocr_par' dir='ltr' id='par_1_6' title="bbox 31 2306 1166 2393">
     <span class='ocr_line' id='line_1_20' title="bbox 31 2306 1166 2393; baseline -0.001 -21"><span class='ocrx_word' id='word_1_145' title='bbox 31 2325 33 2330; x_wconf 84' lang='grc'><strong>’</strong></span> <span class='ocrx_word' id='word_1_146' title='bbox 147 2309 230 2389; x_wconf 88' lang='grc' dir='ltr'><strong><em>πρὸς</em></strong></span> <span class='ocrx_word' id='word_1_147' title='bbox 252 2308 289 2372; x_wconf 87' lang='grc' dir='ltr'><strong><em>τὸ</em></strong></span> <span class='ocrx_word' id='word_1_148' title='bbox 312 2307 377 2372; x_wconf 87' lang='grc' dir='ltr'><strong><em>ὑπὸ</em></strong></span> <span class='ocrx_word' id='word_1_149' title='bbox 396 2318 463 2373; x_wconf 80' lang='grc' dir='ltr'><strong><em>τῶν</em></strong></span> <span class='ocrx_word' id='word_1_150' title='bbox 481 2313 557 2391; x_wconf 85' lang='grc' dir='ltr'><strong><em>ΑΕ,</em></strong></span> <span class='ocrx_word' id='word_1_151' title='bbox 576 2312 643 2372; x_wconf 85' lang='grc' dir='ltr'><strong><em>ΒΛ</em></strong></span> <span class='ocrx_word' id='word_1_152' title='bbox 662 2307 761 2391; x_wconf 81' lang='grc' dir='ltr'><strong><em>ἐστιν,</em></strong></span> <span class='ocrx_word' id='word_1_153' title='bbox 785 2307 830 2384; x_wconf 84' lang='grc' dir='ltr'><strong><em>ως</em></strong></span> <span class='ocrx_word' id='word_1_154' title='bbox 847 2306 867 2390; x_wconf 83' lang='grc' dir='ltr'><em>ἡ</em></span> <span class='ocrx_word' id='word_1_155' title='bbox 887 2311 959 2372; x_wconf 90' lang='lat' dir='ltr'><strong><em>HA</em></strong></span> <span class='ocrx_word' id='word_1_156' title='bbox 981 2309 1063 2393; x_wconf 88' lang='grc' dir='ltr'><strong><em>πρὸς</em></strong></span> <span class='ocrx_word' id='word_1_157' title='bbox 1083 2312 1166 2390; x_wconf 88' lang='grc' dir='ltr'><strong><em>ΑΛ,</em></strong></span> 
     </span>
    </p>

    <p class='ocr_par' dir='ltr' id='par_1_7' title="bbox 96 2410 1166 2607">
     <span class='ocr_line' id='line_1_21' title="bbox 96 2410 1166 2500; baseline 0.002 -25"><span class='ocrx_word' id='word_1_158' title='bbox 96 2427 130 2475; x_wconf 80' lang='lat'><strong><em>20</em></strong></span> <span class='ocrx_word' id='word_1_159' title='bbox 149 2415 185 2478; x_wconf 90' lang='grc' dir='ltr'><strong><em>τὸ</em></strong></span> <span class='ocrx_word' id='word_1_160' title='bbox 209 2410 247 2478; x_wconf 73' lang='grc' dir='ltr'><strong><em>δὲ</em></strong></span> <span class='ocrx_word' id='word_1_161' title='bbox 270 2413 333 2480; x_wconf 84' lang='grc' dir='ltr'><strong><em>ἀπὸ</em></strong></span> <span class='ocrx_word' id='word_1_162' title='bbox 357 2423 413 2498; x_wconf 82' lang='grc' dir='ltr'><strong><em>τῆς</em></strong></span> <span class='ocrx_word' id='word_1_163' title='bbox 437 2418 502 2479; x_wconf 87' lang='grc' dir='ltr'><strong><em>ΒΕ</em></strong></span> <span class='ocrx_word' id='word_1_164' title='bbox 522 2415 606 2500; x_wconf 87' lang='grc' dir='ltr'><strong><em>πρὸς</em></strong></span> <span class='ocrx_word' id='word_1_165' title='bbox 626 2415 664 2479; x_wconf 92' lang='grc' dir='ltr'><strong><em>τὸ</em></strong></span> <span class='ocrx_word' id='word_1_166' title='bbox 689 2413 752 2479; x_wconf 83' lang='grc' dir='ltr'><strong><em>ἀπὸ</em></strong></span> <span class='ocrx_word' id='word_1_167' title='bbox 776 2423 833 2498; x_wconf 77' lang='grc' dir='ltr'><strong><em>τῆς</em></strong></span> <span class='ocrx_word' id='word_1_168' title='bbox 852 2417 914 2478; x_wconf 93' lang='grc' dir='ltr'><strong><em>ΓΖ</em></strong></span> <span class='ocrx_word' id='word_1_169' title='bbox 933 2413 1033 2496; x_wconf 79' lang='grc' dir='ltr'><strong><em>ἐστιν,</em></strong></span> <span class='ocrx_word' id='word_1_170' title='bbox 1058 2413 1103 2490; x_wconf 84' lang='grc' dir='ltr'><strong><em>ὡς</em></strong></span> <span class='ocrx_word' id='word_1_171' title='bbox 1124 2415 1166 2478; x_wconf 89' lang='grc' dir='ltr'><strong><em>τὸ</em></strong></span> 
     </span>
     <span class='ocr_line' id='line_1_22' title="bbox 148 2520 730 2607; baseline 0 -23"><span class='ocrx_word' id='word_1_172' title='bbox 148 2520 213 2585; x_wconf 88' lang='grc' dir='ltr'><strong><em>ὑπὸ</em></strong></span> <span class='ocrx_word' id='word_1_173' title='bbox 237 2526 342 2585; x_wconf 84' lang='grc' dir='ltr'><strong><em>ΑΒΔ</em></strong></span> <span class='ocrx_word' id='word_1_174' title='bbox 363 2523 447 2607; x_wconf 87' lang='grc' dir='ltr'><strong><em>πρὸς</em></strong></span> <span class='ocrx_word' id='word_1_175' title='bbox 468 2522 506 2586; x_wconf 86' lang='grc' dir='ltr'><strong><em>τὸ</em></strong></span> <span class='ocrx_word' id='word_1_176' title='bbox 528 2521 594 2586; x_wconf 88' lang='grc' dir='ltr'><strong><em>ὑπὸ</em></strong></span> <span class='ocrx_word' id='word_1_177' title='bbox 618 2525 730 2585; x_wconf 87' lang='grc' dir='ltr'><em>ΑΖΔ.</em></span> 
     </span>
    </p>

    <p class='ocr_par' dir='ltr' id='par_1_8' title="bbox 150 2625 1166 2926">
     <span class='ocr_line' id='line_1_23' title="bbox 216 2625 1166 2714; baseline -0.001 -23"><span class='ocrx_word' id='word_1_178' title='bbox 216 2625 285 2692; x_wconf 80' lang='grc' dir='ltr'><strong><em>ἐπεὶ</em></strong></span> <span class='ocrx_word' id='word_1_179' title='bbox 309 2628 382 2714; x_wconf 81' lang='grc' dir='ltr'><strong><em>γάρ,</em></strong></span> <span class='ocrx_word' id='word_1_180' title='bbox 406 2628 451 2703; x_wconf 82' lang='grc' dir='ltr'><strong><em>ὡς</em></strong></span> <span class='ocrx_word' id='word_1_181' title='bbox 473 2628 509 2692; x_wconf 88' lang='grc' dir='ltr'><strong><em>τὸ</em></strong></span> <span class='ocrx_word' id='word_1_182' title='bbox 534 2627 597 2692; x_wconf 85' lang='grc' dir='ltr'><strong><em>ἀπὸ</em></strong></span> <span class='ocrx_word' id='word_1_183' title='bbox 621 2635 678 2710; x_wconf 79' lang='grc' dir='ltr'><strong><em>τῆς</em></strong></span> <span class='ocrx_word' id='word_1_184' title='bbox 702 2625 857 2713; x_wconf 79' lang='grc' dir='ltr'><strong><em>δευτέρας</em></strong></span> <span class='ocrx_word' id='word_1_185' title='bbox 879 2625 1058 2711; x_wconf 83' lang='grc' dir='ltr'><strong><em>διαμέτρου</em></strong></span> <span class='ocrx_word' id='word_1_186' title='bbox 1081 2626 1166 2712; x_wconf 91' lang='grc' dir='ltr'><strong><em>πρὸς</em></strong></span> 
     </span>
     <span class='ocr_line' id='line_1_24' title="bbox 150 2731 1164 2820; baseline 0 -24"><span class='ocrx_word' id='word_1_187' title='bbox 150 2734 187 2797; x_wconf 87' lang='grc' dir='ltr'><strong><em>τὸ</em></strong></span> <span class='ocrx_word' id='word_1_188' title='bbox 211 2731 274 2796; x_wconf 87' lang='grc' dir='ltr'><strong><em>ἀπὸ</em></strong></span> <span class='ocrx_word' id='word_1_189' title='bbox 293 2742 351 2816; x_wconf 82' lang='grc' dir='ltr'><strong><em>τῆς</em></strong></span> <span class='ocrx_word' id='word_1_190' title='bbox 374 2732 562 2820; x_wconf 78' lang='grc' dir='ltr'><strong><em>διαμέτρου,</em></strong></span> <span class='ocrx_word' id='word_1_191' title='bbox 587 2733 692 2810; x_wconf 79' lang='grc' dir='ltr'><strong><em>οὕτως</em></strong></span> <span class='ocrx_word' id='word_1_192' title='bbox 714 2736 752 2798; x_wconf 84' lang='grc' dir='ltr'><strong><em>τό</em></strong></span> <span class='ocrx_word' id='word_1_193' title='bbox 775 2757 810 2798; x_wconf 87' lang='grc' dir='ltr'><strong><em>τε</em></strong></span> <span class='ocrx_word' id='word_1_194' title='bbox 833 2733 896 2798; x_wconf 86' lang='grc' dir='ltr'><strong><em>ἀπὸ</em></strong></span> <span class='ocrx_word' id='word_1_195' title='bbox 918 2741 975 2816; x_wconf 78' lang='grc' dir='ltr'><strong><em>τῆς</em></strong></span> <span class='ocrx_word' id='word_1_196' title='bbox 992 2736 1059 2796; x_wconf 84' lang='grc' dir='ltr'><strong><em>ΒΕ</em></strong></span> <span class='ocrx_word' id='word_1_197' title='bbox 1080 2734 1164 2818; x_wconf 88' lang='grc' dir='ltr'><strong><em>πρὸς</em></strong></span> 
     </span>
     <span class='ocr_line' id='line_1_25' title="bbox 150 2837 1164 2926; baseline -0.001 -23"><span class='ocrx_word' id='word_1_198' title='bbox 150 2838 187 2903; x_wconf 92' lang='grc' dir='ltr'><strong><em>τὸ</em></strong></span> <span class='ocrx_word' id='word_1_199' title='bbox 210 2838 275 2903; x_wconf 88' lang='grc' dir='ltr'><strong><em>ὑπὸ</em></strong></span> <span class='ocrx_word' id='word_1_200' title='bbox 299 2844 404 2904; x_wconf 87' lang='grc' dir='ltr'><strong><em>ΑΕΔ</em></strong></span> <span class='ocrx_word' id='word_1_201' title='bbox 425 2837 482 2903; x_wconf 81' lang='grc' dir='ltr'><strong><em>καλ</em></strong></span> <span class='ocrx_word' id='word_1_202' title='bbox 504 2839 524 2922; x_wconf 77' lang='grc' dir='ltr'><em>ἡ</em></span> <span class='ocrx_word' id='word_1_203' title='bbox 543 2844 619 2904; x_wconf 88' lang='lat' dir='ltr'><strong><em>AH</em></strong></span> <span class='ocrx_word' id='word_1_204' title='bbox 638 2840 741 2925; x_wconf 90' lang='grc' dir='ltr'><strong><em>ὀρθία</em></strong></span> <span class='ocrx_word' id='word_1_205' title='bbox 763 2841 890 2926; x_wconf 80' lang='grc' dir='ltr'><strong><em>πλευρὰ</em></strong></span> <span class='ocrx_word' id='word_1_206' title='bbox 912 2841 995 2924; x_wconf 83' lang='grc' dir='ltr'><strong><em>πρὸς</em></strong></span> <span class='ocrx_word' id='word_1_207' title='bbox 1013 2839 1075 2922; x_wconf 78' lang='grc' dir='ltr'><strong><em>τὴν</em></strong></span> <span class='ocrx_word' id='word_1_208' title='bbox 1094 2844 1164 2903; x_wconf 87' lang='grc' dir='ltr'><strong><em>ΑΛ</em></strong></span> 
     </span>
    </p>

    <p class='ocr_par' dir='ltr' id='par_1_9' title="bbox 100 2944 1166 3033">
     <span class='ocr_line' id='line_1_26' title="bbox 100 2944 1166 3033; baseline 0.001 -26"><span class='ocrx_word' id='word_1_209' title='bbox 100 2958 134 3006; x_wconf 79' lang='lat'><strong><em>25</em></strong></span> <span class='ocrx_word' id='word_1_210' title='bbox 154 2948 311 3028; x_wconf 87' lang='grc' dir='ltr'><strong><em>πλαγίαν,</em></strong></span> <span class='ocrx_word' id='word_1_211' title='bbox 340 2945 384 3022; x_wconf 82' lang='grc' dir='ltr'><strong><em>ὡς</em></strong></span> <span class='ocrx_word' id='word_1_212' title='bbox 411 2948 475 3031; x_wconf 78' lang='grc' dir='ltr'><strong><em>ἄρα</em></strong></span> <span class='ocrx_word' id='word_1_213' title='bbox 502 2945 522 3029; x_wconf 83' lang='grc' dir='ltr'><em>ἡ</em></span> <span class='ocrx_word' id='word_1_214' title='bbox 551 2947 652 3033; x_wconf 89' lang='grc' dir='ltr'><strong><em>ὀρθία</em></strong></span> <span class='ocrx_word' id='word_1_215' title='bbox 678 2947 761 3028; x_wconf 89' lang='grc' dir='ltr'><strong><em>πρὸς</em></strong></span> <span class='ocrx_word' id='word_1_216' title='bbox 788 2948 849 3030; x_wconf 78' lang='grc' dir='ltr'><strong><em>τὴν</em></strong></span> <span class='ocrx_word' id='word_1_217' title='bbox 871 2949 1030 3027; x_wconf 90' lang='grc' dir='ltr'><strong><em>πλαγίαν,</em></strong></span> <span class='ocrx_word' id='word_1_218' title='bbox 1058 2944 1166 3020; x_wconf 78' lang='grc' dir='ltr'><strong><em>οὕτως</em></strong></span> 
     </span>
    </p>
   </div>
   <div class='ocr_carea' id='block_1_4' title="bbox 151 3135 1163 3565">
    <p class='ocr_par' dir='ltr' id='par_1_10' title="bbox 225 3135 1163 3218">
     <span class='ocr_line' id='line_1_27' title="bbox 225 3135 1163 3218; baseline -0.002 -24"><span class='ocrx_word' id='word_1_219' title='bbox 225 3145 249 3194; x_wconf 87' lang='grc'><strong><em>3.</em></strong></span> <span class='ocrx_word' id='word_1_220' title='bbox 270 3138 341 3209; x_wconf 79' lang='grc' dir='ltr'><strong><em>ἅπερ</em></strong></span> <span class='ocrx_word' id='word_1_221' title='bbox 359 3172 395 3179; x_wconf 90' lang='grc'>-</span> <span class='ocrx_word' id='word_1_222' title='bbox 413 3139 515 3210; x_wconf 85' lang='grc' dir='ltr'><strong><em>δεῖξαι]</em></strong></span> <span class='ocrx_word' id='word_1_223' title='bbox 540 3155 592 3193; x_wconf 89' lang='lat' dir='ltr'><strong><em>om.</em></strong></span> <span class='ocrx_word' id='word_1_224' title='bbox 611 3157 638 3208; x_wconf 89' lang='lat' dir='ltr'><strong><em>p.</em></strong></span> <span class='ocrx_word' id='word_1_225' title='bbox 729 3146 753 3192; x_wconf 87' lang='lat'><strong><em>4.</em></strong></span> <span class='ocrx_word' id='word_1_226' title='bbox 778 3138 883 3209; x_wconf 79' lang='grc' dir='ltr'><strong><em>ταῦτα]</em></strong></span> <span class='ocrx_word' id='word_1_227' title='bbox 907 3137 1061 3192; x_wconf 79' lang='grc' dir='ltr'><strong><em>καὶταῦτα</em></strong></span> <span class='ocrx_word' id='word_1_228' title='bbox 1081 3135 1114 3192; x_wconf 83' lang='grc' dir='ltr'><strong><em>δέ</em></strong></span> <span class='ocrx_word' id='word_1_229' title='bbox 1135 3157 1163 3218; x_wconf 89' lang='lat' dir='ltr'><strong><em>p.</em></strong></span> 
     </span>
    </p>

    <p class='ocr_par' dir='ltr' id='par_1_11' title="bbox 151 3208 1163 3565">
     <span class='ocr_line' id='line_1_28' title="bbox 188 3208 1163 3283; baseline -0.004 -17"><span class='ocrx_word' id='word_1_230' title='bbox 188 3218 212 3266; x_wconf 85' lang='grc'><strong><em>6.</em></strong></span> <span class='ocrx_word' id='word_1_231' title='bbox 232 3212 330 3283; x_wconf 81' lang='grc' dir='ltr'><strong><em>ΑΒΓ]</em></strong></span> <span class='ocrx_word' id='word_1_232' title='bbox 349 3214 428 3265; x_wconf 81' lang='grc' dir='ltr'><strong><em>ΑΓΒ</em></strong></span> <span class='ocrx_word' id='word_1_233' title='bbox 446 3228 473 3279; x_wconf 89' lang='lat' dir='ltr'><strong><em>p.</em></strong></span> <span class='ocrx_word' id='word_1_234' title='bbox 540 3208 702 3282; x_wconf 86' lang='grc' dir='ltr'><strong><em>κυλίνδρου]</em></strong></span> <span class='ocrx_word' id='word_1_235' title='bbox 722 3209 778 3264; x_wconf 71' lang='lat' dir='ltr'>dee.</span> <span class='ocrx_word' id='word_1_236' title='bbox 798 3209 846 3264; x_wconf 78' lang='lat' dir='ltr'><strong>fol.</strong></span> <span class='ocrx_word' id='word_1_237' title='bbox 870 3215 936 3263; x_wconf 64' lang='grc' dir='ltr'><strong><em>1Ἰῑ)γ</em></strong></span> <span class='ocrx_word' id='word_1_238' title='bbox 954 3209 1026 3263; x_wconf 89' lang='lat' dir='ltr'>med.</span> <span class='ocrx_word' id='word_1_239' title='bbox 1045 3208 1080 3278; x_wconf 89' lang='lat' dir='ltr'><strong><em>V,</em></strong></span> <span class='ocrx_word' id='word_1_240' title='bbox 1099 3208 1163 3262; x_wconf 86' lang='lat' dir='ltr'><strong>reh-</strong></span> 
     </span>
     <span class='ocr_line' id='line_1_29' title="bbox 152 3279 1163 3352; baseline -0.001 -17"><span class='ocrx_word' id='word_1_241' title='bbox 152 3299 209 3350; x_wconf 80' lang='lat' dir='ltr'><strong><em>qua</em></strong></span> <span class='ocrx_word' id='word_1_242' title='bbox 225 3300 290 3352; x_wconf 78' lang='lat' dir='ltr'>pars</span> <span class='ocrx_word' id='word_1_243' title='bbox 308 3281 430 3352; x_wconf 80' lang='lat' dir='ltr'>paginae</span> <span class='ocrx_word' id='word_1_244' title='bbox 453 3283 550 3348; x_wconf 71' lang='lat' dir='ltr'>uacat3</span> <span class='ocrx_word' id='word_1_245' title='bbox 579 3281 609 3334; x_wconf 91' lang='lat' dir='ltr'><strong><em>in</em></strong></span> <span class='ocrx_word' id='word_1_246' title='bbox 626 3299 681 3351; x_wconf 82' lang='lat' dir='ltr'><strong><em>mg.</em></strong></span> <span class='ocrx_word' id='word_1_247' title='bbox 700 3280 750 3335; x_wconf 90' lang='lat' dir='ltr'><strong>inf.</strong></span> <span class='ocrx_word' id='word_1_248' title='bbox 769 3299 805 3335; x_wconf 91' lang='lat' dir='ltr'><strong><em>m.</em></strong></span> <span class='ocrx_word' id='word_1_249' title='bbox 826 3287 854 3337; x_wconf 78' lang='lat'><strong><em>2:</em></strong></span> <span class='ocrx_word' id='word_1_250' title='bbox 883 3281 956 3350; x_wconf 81' lang='grc' dir='ltr'><strong><em>ζήτει</em></strong></span> <span class='ocrx_word' id='word_1_251' title='bbox 973 3281 1005 3335; x_wconf 87' lang='grc' dir='ltr'><strong><em>τὸ</em></strong></span> <span class='ocrx_word' id='word_1_252' title='bbox 1025 3279 1163 3349; x_wconf 82' lang='grc' dir='ltr'><strong><em>ἑπόμενον</em></strong></span> 
     </span>
     <span class='ocr_line' id='line_1_30' title="bbox 151 3348 1161 3424; baseline -0.001 -18"><span class='ocrx_word' id='word_1_253' title='bbox 151 3353 206 3421; x_wconf 82' lang='grc' dir='ltr'><strong><em>πρὸ</em></strong></span> <span class='ocrx_word' id='word_1_254' title='bbox 226 3354 335 3423; x_wconf 79' lang='grc' dir='ltr'><strong><em>φύλλων</em></strong></span> <span class='ocrx_word' id='word_1_255' title='bbox 355 3354 391 3408; x_wconf 70' lang='lat'><strong><em>÷4÷</em></strong></span> <span class='ocrx_word' id='word_1_256' title='bbox 406 3353 437 3407; x_wconf 60' lang='lat' dir='ltr'><strong><em>a.</em></strong></span> <span class='ocrx_word' id='word_1_257' title='bbox 527 3359 566 3406; x_wconf 85' lang='lat'><strong><em>14.</em></strong></span> <span class='ocrx_word' id='word_1_258' title='bbox 590 3349 821 3424; x_wconf 81' lang='grc' dir='ltr'><strong><em>λαμβανομένων]</em></strong></span> <span class='ocrx_word' id='word_1_259' title='bbox 840 3348 1117 3422; x_wconf 83' lang='grc' dir='ltr'><strong><em>ἀπολαμβανομένων</em></strong></span> <span class='ocrx_word' id='word_1_260' title='bbox 1135 3370 1161 3420; x_wconf 89' lang='lat' dir='ltr'><strong><em>p.</em></strong></span> 
     </span>
     <span class='ocr_line' id='line_1_31' title="bbox 189 3423 1161 3497; baseline 0 -21"><span class='ocrx_word' id='word_1_261' title='bbox 189 3429 230 3477; x_wconf 76' lang='grc' dir='ltr'><strong><em>τε.</em></strong></span> <span class='ocrx_word' id='word_1_262' title='bbox 250 3427 366 3497; x_wconf 78' lang='grc' dir='ltr'><strong><em>ΑΒΓΔ]</em></strong></span> <span class='ocrx_word' id='word_1_263' title='bbox 387 3428 470 3479; x_wconf 79' lang='grc' dir='ltr'><strong><em>ΑΒΓ</em></strong></span> <span class='ocrx_word' id='word_1_264' title='bbox 485 3439 507 3477; x_wconf 83' lang='lat' dir='ltr'><strong><em>c.</em></strong></span> <span class='ocrx_word' id='word_1_265' title='bbox 583 3429 623 3477; x_wconf 75' lang='grc' dir='ltr'><strong><em>τε.</em></strong></span> <span class='ocrx_word' id='word_1_266' title='bbox 646 3425 713 3494; x_wconf 78' lang='grc' dir='ltr'><strong><em>ΖΓ]</em></strong></span> <span class='ocrx_word' id='word_1_267' title='bbox 735 3427 786 3476; x_wconf 81' lang='grc' dir='ltr'><strong><em>ΓΖ</em></strong></span> <span class='ocrx_word' id='word_1_268' title='bbox 804 3442 830 3493; x_wconf 84' lang='lat' dir='ltr'><strong><em>p.</em></strong></span> <span class='ocrx_word' id='word_1_269' title='bbox 905 3429 946 3478; x_wconf 79' lang='grc' dir='ltr'><strong><em>ιο,</em></strong></span> <span class='ocrx_word' id='word_1_270' title='bbox 966 3424 1030 3494; x_wconf 74' lang='grc' dir='ltr'><strong><em>ΑΛ]</em></strong></span> <span class='ocrx_word' id='word_1_271' title='bbox 1049 3427 1112 3491; x_wconf 79' lang='grc' dir='ltr'><strong><em>ΑΔ,</em></strong></span> <span class='ocrx_word' id='word_1_272' title='bbox 1131 3423 1161 3476; x_wconf 75' lang='grc' dir='ltr'><strong><em>ιο</em></strong></span> 
     </span>
     <span class='ocr_line' id='line_1_32' title="bbox 154 3491 1160 3565; baseline 0.002 -19"><span class='ocrx_word' id='word_1_273' title='bbox 154 3491 185 3546; x_wconf 75' lang='grc' dir='ltr'><strong><em>δὲ</em></strong></span> <span class='ocrx_word' id='word_1_274' title='bbox 205 3494 260 3548; x_wconf 79' lang='grc' dir='ltr'><strong><em>ἀπὸ</em></strong></span> <span class='ocrx_word' id='word_1_275' title='bbox 279 3504 327 3565; x_wconf 82' lang='grc' dir='ltr'><strong><em>τῆς</em></strong></span> <span class='ocrx_word' id='word_1_276' title='bbox 342 3501 395 3550; x_wconf 92' lang='grc' dir='ltr'><strong><em>ΓΖ</em></strong></span> <span class='ocrx_word' id='word_1_277' title='bbox 413 3495 483 3564; x_wconf 85' lang='grc' dir='ltr'><strong><em>πρὸς</em></strong></span> <span class='ocrx_word' id='word_1_278' title='bbox 496 3494 528 3548; x_wconf 83' lang='grc' dir='ltr'><strong><em>τὸ</em></strong></span> <span class='ocrx_word' id='word_1_279' title='bbox 542 3494 596 3547; x_wconf 82' lang='grc' dir='ltr'><strong><em>ὑπὸ</em></strong></span> <span class='ocrx_word' id='word_1_280' title='bbox 611 3503 666 3549; x_wconf 87' lang='grc' dir='ltr'><strong><em>τῶν</em></strong></span> <span class='ocrx_word' id='word_1_281' title='bbox 680 3498 740 3562; x_wconf 85' lang='grc' dir='ltr'><strong><em>ΑΖ,</em></strong></span> <span class='ocrx_word' id='word_1_282' title='bbox 760 3498 811 3548; x_wconf 90' lang='grc' dir='ltr'><strong><em>ΖΔ</em></strong></span> <span class='ocrx_word' id='word_1_283' title='bbox 830 3495 897 3565; x_wconf 75' lang='grc' dir='ltr'><strong><em>ὡςή</em></strong></span> <span class='ocrx_word' id='word_1_284' title='bbox 914 3499 967 3548; x_wconf 84' lang='lat' dir='ltr'><strong><em>HA</em></strong></span> <span class='ocrx_word' id='word_1_285' title='bbox 986 3494 1055 3562; x_wconf 83' lang='grc' dir='ltr'><strong><em>πρὸς</em></strong></span> <span class='ocrx_word' id='word_1_286' title='bbox 1069 3499 1118 3548; x_wconf 89' lang='grc' dir='ltr'><strong><em>ΑΔ</em></strong></span> <span class='ocrx_word' id='word_1_287' title='bbox 1135 3512 1160 3562; x_wconf 89' lang='lat' dir='ltr'><strong><em>p.</em></strong></span> 
     </span>
    </p>
   </div>
   <div class='ocr_carea' id='block_1_5' title="bbox 0 0 1251 3938">
    <p class='ocr_par' dir='ltr' id='par_1_12' title="bbox 0 0 1251 3938">
     <span class='ocr_line' id='line_1_33' title="bbox 0 0 1251 3938; baseline 0 0"><span class='ocrx_word' id='word_1_288' title='bbox 0 0 1251 3938; x_wconf 95' lang='lat' dir='ltr'><strong><em> </em></strong></span> 
     </span>
    </p>
   </div>
  </div>
 </body>
</html>
