2592 3932
168 113 235 176 290
488 115 574 164 ΠΕΡΙ
591 113 720 168 Κααοα
738 115 873 167 ΤοΜΗΣ.

168 258 205 321 τὸ
238 260 337 321 ΑΓΛ
368 257 451 342 πρὸς
480 257 517 321 τὸ
548 260 662 340 ΚΕΖ,
695 256 800 334 οὕτως
831 259 869 322 τὸ
898 263 995 323 ΒΕΖ
1026 260 1111 344 πρὸς
1148 262 1195 325 τὸ

168 375 278 436 ΚΕΖ.
325 371 436 456 ἐπειδὴ
466 368 502 436 δὲ
525 372 543 437 ὁ
567 376 705 437 ΑΗΓΛ
727 384 834 450 κῶνος
856 375 939 460 πρὸς
961 375 1020 438 τὸν
1043 378 1077 438 Κ
1083 379 1194 440 ΘΕΖ

170 489 292 571 ἰσοϋψῆ
324 499 434 552 κῶνον
462 488 658 553 διπλασίονα
685 491 786 571 λόγον
814 492 879 574 ἔχει
907 491 988 575 ἢπερ
1016 489 1053 554 τὸ
1081 494 1192 555 ΑΓΔ
1287 493 1288 496 ’

168 605 251 689 πρὸς
282 604 319 668 τὸ
348 606 462 687 ΚΕΖ,
495 604 539 680 ῶς
571 601 608 668 δὲ
640 605 676 669 τὸ
705 608 803 669 ΑΓΛ
835 608 1000 690 τρίγωνον
1031 606 1113 690 πρὸς
1144 607 1188 670 τὸ

132 722 281 804 5ΚΕΖ,
314 719 419 794 οὕτως
450 720 487 784 τὸ
516 723 613 783 ΒΕΖ
645 721 728 806 πρὸς
755 723 869 803 ΚΕΖ,
902 720 920 785 ὁ
949 722 1013 806 ἄρα
1040 723 1191 784 ΑΗΓΔ

168 845 275 911 κῶνος
301 836 383 921 πρὸς
410 835 469 900 τὸν
491 839 526 900 Κ
531 839 627 900 ΘΕΖ
655 836 853 900 διπλασίονα
879 839 982 918 λόγον
1009 839 1072 920 ἔχει
1093 837 1186 922 ἤπερ

169 953 206 1015 τὸ
226 956 323 1016 ΒΕΖ
341 955 505 1037 τρίγωνον
522 951 605 1036 πρὸς
622 953 660 1016 τὸ
679 955 794 1033 ΚΕΖ,
817 950 989 1016 τουτέστιν
1008 951 1026 1016 ὁ
1045 956 1185 1016 ΒΘΕΖ
1287 993 1288 1000 1

167 1077 274 1143 κῶνος
304 1068 387 1152 πρὸς
418 1067 477 1130 τὸν
503 1070 652 1131 ΚΘΕΖ·
685 1069 730 1143 ὡς
761 1069 825 1154 ἄρα
858 1067 875 1132 ὁ
903 1070 1043 1132 ΑΗΓΛ
1073 1077 1190 1144 κῶνος

167 1183 250 1267 πρὸς
272 1183 331 1247 τὸν
352 1185 497 1266 ΒΘΕΖ,
520 1182 625 1258 οὕτως
648 1182 665 1247 ὁ
686 1187 819 1248 ΒΘΕΖ
842 1184 925 1269 πρὸς
947 1184 1007 1247 τὸν
1025 1186 1185 1266 ΚΘΕΖ,
1287 1187 1288 1194 ’

115 1313 150 1362 10
168 1295 338 1362 τουτέστιν
361 1297 466 1373 οὕτως
488 1297 508 1381 η
528 1302 594 1362 ΒΘ
615 1298 698 1384 πρὸς
719 1302 793 1363 ΘΚ.
830 1296 901 1363 ἀλλ’
923 1298 943 1382 ἡ
964 1302 1032 1363 ΘΚ
1048 1309 1087 1384 τῇ
1106 1305 1141 1363 A
1148 1303 1192 1364 H

170 1418 236 1495 ἴση·
261 1413 306 1488 ὡς
325 1413 390 1499 ἄρα
409 1411 426 1478 ὁ
445 1419 478 1477 Α
484 1418 523 1478 Η
524 1417 584 1478 ΓΛ
603 1425 709 1490 κῶνος
727 1416 810 1500 πρὸς
828 1415 887 1479 τὸν
906 1418 1053 1498 ΒΘΕΖ,
1075 1414 1186 1492 οὕτως

170 1528 187 1593 ὁ
212 1533 278 1592 ΒΕ
300 1526 389 1606 ἄξιον
410 1529 493 1614 πρὸς
516 1530 574 1594 τὸν
598 1533 682 1593 ΑΗ·
706 1530 784 1616 ὅπερ
810 1531 875 1594 ἔδει
899 1528 1011 1607 δεῖξαι.

644 1811 703 1891 ξς’.

244 1959 318 2020 Τῶν
351 1954 644 2020 ἀντιπεπονθόταν
677 1955 793 2042 ὀρθῶν
822 1956 940 2020 κώνων
967 1965 1038 2030 ταῖς
1065 1955 1185 2038 βάσεσι

118 2084 151 2132 15
170 2071 210 2134 τα
234 2071 290 2134 διὰ
312 2081 379 2136 τῶν
403 2069 531 2148 ἀξόνων
552 2073 698 2156 τρίγωνα
718 2071 801 2156 πρὸς
819 2072 944 2152 ἄλληλα
962 2073 1182 2155 τριπλασίονα

169 2190 269 2269 λόγον
311 2188 375 2270 ἔχει
415 2187 496 2272 ἥπερ
537 2184 557 2268 η
599 2185 695 2269 βάσις
734 2187 818 2271 πρὸς
852 2187 913 2270 την
950 2183 1049 2269 βάσιν
1086 2183 1179 2250 ἀντι-

168 2305 390 2380 πεπονθότας,

237 2417 567 2503 καταγεγραφθιοσαν
609 2418 643 2482 οἱ
681 2427 797 2501 κῶνοι,
840 2414 895 2480 καὶ
936 2419 1033 2498 ἔσται,
1075 2416 1120 2492 ὡς
1162 2417 1180 2481 ὁ

169 2537 307 2599 ΑΗΓΛ
334 2545 440 2609 κῶνος
466 2535 549 2619 πρὸς
576 2535 634 2598 τὸν
663 2537 810 2616 ΒΘΕΖ,
843 2531 949 2608 οὕτως
976 2531 996 2614 ἡ
1026 2535 1055 2595 Θ
1082 2531 1179 2615 βάσις

117 2661 151 2708 20
169 2649 252 2733 πρὸς
274 2650 335 2731 την
353 2651 392 2711 Η
410 2649 517 2731 βάσιν.
553 2647 649 2732 λέγω,
672 2648 722 2713 ὅτι
740 2649 777 2713 τὸ
792 2651 890 2712 ΑΓΛ
911 2650 1076 2733 τρίγωνον
1094 2649 1178 2733 πρὸς

169 2763 206 2826 τὸ
235 2767 332 2826 ΒΕΖ
364 2765 580 2847 τριπλασίονα
611 2767 712 2845 λόγον
743 2766 807 2846 ἔχει
839 2764 921 2848 ἥπερ
954 2761 974 2844 ἡ
1002 2766 1066 2826 ΕΖ
1095 2763 1179 2848 πρὸς

169 2879 230 2962 τὴν
254 2880 322 2943 ΓΛ.

241 3123 265 3171 3.
289 3118 383 3188 ΑΓΔ]
407 3120 488 3170 ΒΕΖ
506 3113 642 3186 τρίγωνον
664 3134 691 3185 p.
783 3122 806 3170 5.
830 3115 927 3186 BEZ]
946 3113 1007 3183 Vp,
1037 3116 1128 3168 ΜΕΖ
1150 3131 1175 3167 v.

205 3187 433 3258 ΚΕΖ(ο1ι,)]ιὸ
453 3191 537 3241 ΚΕΖ
554 3206 581 3256 p.
638 3193 662 3242 6,
681 3187 808 3256 ΚΘΕΖ]
827 3204 853 3254 v,
873 3187 989 3240 ΚΘΕΖ
1007 3193 1100 3240 κῶνον
1119 3185 1174 3253 Vp.

207 3264 247 3312 10.
265 3261 322 3312 ΘΚ
330 3259 404 3380 (ἕῑῇ
419 3277 445 3326 v,
459 3258 511 3326 την
527 3260 585 3312 ΘΚ
596 3257 650 3380 ΚΞ).
707 3262 748 3311 11.
765 3255 821 3326 ἴση]
835 3274 861 3326 v,
878 3254 921 3325 ἴση
937 3255 1011 3311 ἐστίν
1024 3255 1081 3324 Vp.
1136 3261 1175 3308 12.

170 3329 241 3397 ΑΗ]
260 3331 317 3380 ΛΗ
354 3328 423 3391 ξονα
441 3329 473 3382 V.
533 3326 600 3395 ὅπερ
634 3329 676 3380 δει
696 3327 798 3398 δεῖξαι]
816 3345 842 3395 v,
863 3343 915 3381 om.
934 3326 990 3396 Vp.
1056 3331 1097 3381 13.
1117 3326 1161 3390 §3¹

171 3411 224 3449 om.
243 3397 299 3466 Vv,
323 3397 368 3460 ξδ’
383 3416 415 3466 p,
439 3397 482 3466 ἕν’
498 3416 534 3452 m.
553 3413 606 3452 rec.
626 3415 652 3465 v,
676 3397 717 3461 ξε’
732 3415 767 3452 m.
787 3414 841 3452 rec.
860 3397 894 3452 V.
985 3403 1025 3451 19.
1046 3399 1159 3452 ΒΘΕΖ

172 3469 394 3520 ΒΘΕΖκῶνον
411 3486 437 3535 p.
727 3501 729 3506 .
