2574 3934
169 157 212 221 34
437 162 524 212 ΠΕΡΙ
542 160 757 214 ΚΤΛΙΝΔΡΟΤ
775 161 912 215 ΤΟΜΗΣ.

168 292 289 390 μέρους
312 313 369 388 τῆς
392 304 584 389 ἐπιφανείας
607 306 684 388 δίχα
707 307 910 390 τμηθήσεται
932 306 998 372 ὑπὸ
1022 316 1081 371 τοῦ
1098 329 1177 392 παρ-

168 411 453 496 αλληλογράμμου.

236 538 317 600 ἐστω
341 537 530 622 κύλινδρος,
553 532 594 602 οὗ
617 535 730 619 βάσεις
747 533 809 621 μέν
826 538 861 601 οί
878 543 924 620 A,
944 542 972 601 Β
996 538 1119 620 κύκλοι,
1140 540 1178 602 τὸ

169 638 206 707 δὲ
239 643 295 707 διά
326 652 386 708 τοῦ
419 641 537 720 ἄξονος
569 646 913 729 παραλληλόγραμμον
945 645 981 708 τὸ
1016 647 1096 728 ΓΛ,
1125 643 1179 708 καὶ

134 771 150 819 ο
170 749 321 835 εἰλήφθω
345 773 377 813 τι
400 761 536 833 σημεῖον
559 747 611 814 ἐπὶ
634 758 692 833 τῆς
711 749 904 834 ἐπιφανείας
922 758 981 814 τοῦ
1000 753 1179 836 κυλίνδρου

169 857 206 920 τὸ
230 861 274 940 E,
301 854 356 920 καὶ
383 853 447 920 άπὸ
475 864 535 920 τοῦ
562 860 593 919 Ε
618 854 827 941 παράλληλος
854 858 948 940 ἤχθω
977 857 1095 946 εὐθείᾳ
1115 857 1180 923 τινὶ

169 961 299 1051 καθέτῳ
320 961 372 1028 ἐπὶ
391 965 453 1048 την
472 965 538 1027 ΓΑ
555 962 654 1046 βάσιν
672 972 732 1027 τοῦ
750 964 1105 1049 παραλληλογράμμου,
1127 964 1181 1030 καὶ

169 1073 252 1135 ἐστω
275 1069 296 1153 ἡ
319 1073 391 1133 ΕΖ.
429 1067 523 1153 λέγω,
546 1069 596 1133 ὅτι
619 1068 640 1151 ἡ
664 1073 727 1133 ΕΖ
751 1068 843 1145 ἐντὸς
865 1082 1011 1135 πεσεῖται
1034 1080 1094 1137 τοῦ
1118 1075 1182 1136 ΓΔ

169 1175 513 1261 παραλληλογράμμου
549 1173 604 1239 καὶ
640 1174 948 1262 προσεκβαλλομένη
986 1176 1080 1264 μέχρι
1120 1187 1180 1242 τοῦ

118 1303 152 1351 10
171 1280 285 1368 ἐτέρου
301 1281 422 1369 μέρους
440 1291 498 1366 τῆς
512 1283 705 1367 ἐπιφανείας
723 1284 799 1367 δίχα
818 1286 1021 1367 τμηθήσεται
1039 1285 1104 1350 ὑπὸ
1122 1294 1184 1349 τοῦ

169 1389 523 1475 παραλληλογράμμου.

236 1515 330 1598 ἥχθω
354 1515 411 1578 διὰ
433 1523 493 1578 τοῦ
512 1519 544 1578 Ε
564 1515 701 1597 σημείου
724 1513 813 1600 παρὰ
836 1515 895 1580 τὸν
918 1514 1057 1598 άξοναη
1080 1519 1189 1580 ΘΕΗ

170 1621 285 1686 εὐθεῖα
308 1620 472 1706 τέμνουσα
496 1621 557 1703 τὴν
579 1618 793 1705 περιφέρειαν
815 1629 873 1703 τῆς
890 1621 1018 1704 βάσεως
1040 1623 1122 1686 κατὰ
1144 1623 1184 1687 τὸ

172 1734 214 1813 Θ,
237 1726 292 1792 καὶ
315 1728 372 1792 διά
394 1735 454 1792 τοῦ
480 1732 509 1791 Θ
526 1727 620 1810 η’χθω
639 1725 660 1808 ἡ
682 1729 750 1790 ΘΚ
765 1727 974 1812 παράλληλος
992 1738 1030 1812 τῇ
1051 1726 1104 1792 ἐπὶ
1122 1731 1185 1812 την

117 1852 151 1901 15
171 1840 237 1900 ΓΑ
259 1834 400 1922 καθέτῳ,
422 1832 512 1921 ᾔτινι
534 1833 744 1917 παράλληλος
765 1832 934 1898 ὑπόκειται
952 1833 973 1917 ἡ
992 1838 1070 1898 ΕΖ·
1094 1847 1188 1919 τεμεῖ

171 1943 234 2027 άρα
258 1940 278 2023 ἡ
300 1943 367 2004 ΘΚ
383 1941 444 2023 τὴν
464 1942 527 2004 ΓΑ
545 1937 600 2004 καὶ
618 1941 711 2022 αὐτη.
748 1942 841 2024 ἤχθω
865 1935 928 2005 οὖν
946 1940 1003 2005 διὰ
1021 1951 1089 2006 τῶν
1102 1945 1143 2006 Η
1146 1947 1184 2025 Θ,

173 2050 241 2112 ΘΚ
271 2046 427 2111 ἐπίπεδον
453 2044 573 2130 τέμνον
600 2049 659 2111 τὸν
688 2047 868 2132 κύλινδρον
897 2045 952 2111 καὶ
981 2051 1114 2112 ποιείτω
1147 2051 1185 2114 τὸ

171 2158 249 2218 ΗΝ
271 2156 629 2239 παραλληλόγραμμον,
656 2152 711 2218 καὶ
739 2152 921 2236 ἐπεζεύχθω
950 2153 971 2236 ἡ
996 2157 1064 2218 ΚΛ
1087 2157 1186 2239 κοινὴ

171 2261 253 2344 τομὴ
276 2270 344 2325 τῶν
368 2262 447 2343 ΓΔ,
470 2263 549 2326 ΝΗ
567 2260 927 2346 παραλληλογράμμων.
973 2259 1042 2325 ἐπεὶ
1065 2267 1186 2327 τοίνυν

118 2385 152 2434 20
171 2369 207 2433 αί
232 2373 310 2453 ΕΖ,
333 2359 401 2432 ΚΘ
428 2378 467 2453 τῇ
495 2367 579 2454 αὐτῇ
606 2369 669 2432 είσι
696 2367 916 2453 παράλληλοι,
943 2363 998 2431 καὶ
1026 2365 1187 2450 άλληλαις
1268 2323 1271 2486 1

171 2477 234 2562 άρα
257 2473 321 2540 εἰσὶ
343 2475 560 2561 παράλληλοι·
593 2477 651 2538 καί
671 2473 799 2557 ἐστινὴ
822 2477 890 2538 ΘΚ
905 2473 941 2538 ἐν
959 2482 1005 2562 τῳ
1023 2477 1100 2538 ΚΗ
1115 2473 1186 2539 ἐπι-

170 2581 272 2669 πέδῳ·
302 2579 357 2646 καὶ
380 2580 400 2664 η
423 2585 487 2645 ΕΖ
510 2583 574 2666 άρα
598 2579 633 2645 ἐν
656 2591 701 2669 τῳ
725 2584 801 2645 ΚΗ
820 2580 911 2645 ἐστιν
933 2579 1084 2668 ἐπιπέδῳ.
1131 2581 1185 2648 ἐκ-

171 2685 355 2771 βαλλομένη
379 2689 442 2772 άρα
465 2687 486 2771 η
509 2693 572 2752 ΕΖ
594 2691 705 2752 πίπτει
729 2685 781 2753 ἐπὶ
804 2689 865 2771 τὴν
888 2690 970 2772 ΛΚ,
997 2687 1069 2770 ἥτις
1092 2687 1186 2755 ἐστὶν

171 2793 209 2859 ἐν
231 2803 275 2882 τῳ
300 2795 366 2858 ΓΔ
384 2792 535 2881 ἐπιπέδῳ.
572 2794 679 2878 Ml
702 2795 767 2880 άρα
790 2793 882 2871 ἐντὸς
903 2797 1013 2858 πίπτει
1036 2803 1096 2859 τοῦ
1117 2799 1186 2861 ΓΔ
1270 2789 1271 2854 δ

118 2918 153 2968 25
171 2900 525 2986 παραλληλογράμμου.
1270 2909 1271 2968 λ

171 3101 383 3108 ..-.-————-

244 3243 267 3292 3.
288 3233 393 3308 βάσεις]
412 3253 431 3304 p
450 3238 479 3289 et
494 3251 562 3290 corr.
578 3252 612 3290 ex
626 3233 707 3308 βάσις
725 3234 755 3288 in
769 3236 915 3290 scribendo
930 3253 953 3306 c,
973 3235 1053 3309 βάσις
1066 3237 1099 3291 V.
1157 3244 1183 3295 8.

174 3314 222 3364 ΓΔ
256 3313 399 3363 Peeorr.
418 3324 445 3375 p.
511 3313 551 3361 12.
573 3308 677 3379 ΘΕΗ]
696 3326 723 3376 p,
745 3311 832 3364 ΘΕΚ
848 3307 902 3363 Vc.
968 3305 1184 3381 15.ᾔτινι]μο,

172 3375 318 3461 ἡιτῑνιυΚ,
342 3374 434 3447 ἦτίνι
452 3396 478 3433 v,
550 3379 640 3450 τεμεῖ]
660 3376 735 3448 τέμει
753 3379 785 3434 V.
877 3386 917 3434 16.
940 3381 1012 3452 ΘΚ]
1034 3383 1058 3437 Θ
1077 3397 1092 3435 e
1111 3397 1182 3437 corr.

172 3451 203 3505 in
227 3450 306 3506 senb.
326 3450 359 3505 V.
450 3449 499 3504 καὶ
517 3450 604 3521 αὐτή]
629 3465 681 3504 om.
701 3468 732 3519 p,
761 3451 808 3506 καὶ
827 3449 898 3521 αὕτη
922 3451 975 3507 Vc.
1066 3459 1108 3507 21.
1129 3453 1184 3507 είσλ

172 3521 354 3592 παράλληλοι]
373 3520 543 3591 παράλληλοί
562 3522 615 3576 είοι
631 3539 658 3589 p.
