2574 3934
173 193 215 256 26
443 195 529 245 ΠΕΡΙ
547 192 759 244 ΚΤΛΙΝΔΡΟΤ
777 193 913 247 ΤΟΜΗΣ.

173 337 234 401 οὐκ
262 339 325 423 ἄρα
353 317 443 401 ἐστὶν
470 337 490 420 ἡ
520 341 599 402 ΛΜ
621 335 657 400 ἐν
686 345 731 424 τῳ
761 339 898 401 zm
925 335 1076 424 ἐπιπέδῳ.
1126 335 1187 400 καὶ
1261 335 1262 366 ³

173 438 223 508 ἐπ’
249 444 349 527 αὐτῆς
370 445 408 508 τὸ
431 446 474 507 Κ·
513 439 590 506 οὐδὲ
613 443 650 506 τὸ
669 445 704 505 K
719 443 783 527 ἄρα
806 440 896 506 ἐστὶν
919 441 956 506 ἐν
978 451 1024 530 τῷ
1045 447 1151 507 ΖΕΗ
1156 447 1188 507 Θ

173 549 324 638 ἐπιπέδῳ.
361 549 428 615 ἐπεὶ
452 546 488 614 δέ
511 549 531 632 ἡ
556 551 622 613 ΓΔ
645 548 734 613 ἐστιν
758 548 794 613 έν
817 558 862 636 τῳ
883 552 988 612 ΖΕΗ
992 553 1021 613 Θ
1039 548 1184 637 ἐπιπέδῳ

172 655 226 721 καὶ
254 655 304 722 ἐπ’
335 656 435 740 αὐτῆς
462 657 498 720 τὸ
522 658 567 737 K,
595 655 632 718 τὸ
660 657 694 717 K
714 656 778 740 ἄρα
801 655 837 720 ἐν
859 665 904 743 τῳ
930 659 1037 720 ΖΕΗ
1041 661 1069 720 Θ
1091 655 1185 720 ἐστιν

137 781 152 828 5
172 762 322 851 ἐπιπέδῳ.
362 761 417 827 καὶ
440 765 530 827 ἔστιν
553 762 618 846 ἄρα
640 759 695 825 καὶ
718 761 779 825 οὐκ
802 764 892 826 ἐστιν
915 761 951 826 ἐν
974 771 1019 850 τῳ
1039 761 1183 849 ἐπιπέδῳ

171 871 208 934 τὸ
237 873 280 934 Κ·
317 871 396 955 ὅπερ
424 867 599 934 ἀδύνατον.
644 868 706 933 οὐκ
732 869 796 953 ἄρα
824 867 877 933 ἐπὶ
904 878 961 952 τῆς
988 868 1184 953 ἐπιφανείας

172 976 262 1042 ἐστὶν
284 977 305 1060 ἡ
330 981 402 1041 ΓΛ.

238 1084 320 1149 ἄλλᾶ
343 1083 384 1166 δη
409 1085 489 1146 ἔστω
512 1081 619 1164 ἐκτός,
644 1080 698 1145 καὶ
721 1080 908 1165 ληφθέντος
931 1085 1067 1165 σημείου
1091 1083 1183 1157 τινὸς
1263 1087 1264 1110 ³

172 1188 224 1254 ἐπὶ
247 1199 304 1272 τῆς
322 1191 395 1252 ΕΗ
412 1190 622 1272 περιφερείας
644 1196 703 1251 τοῦ
724 1191 754 1251 Λ
773 1186 956 1270 ἐπεζεύχθω
979 1187 1095 1270 MA.
1129 1188 1181 1252 έκ-

120 1312 153 1361 10
171 1299 332 1378 βληθεῖσα
359 1294 401 1377 δὴ
429 1291 481 1377 ἐφ’
508 1291 642 1379 ἑκάτερα
669 1295 689 1378 ἡ
712 1297 780 1357 ΚΛ
804 1292 980 1379 οὐδετέραν
1002 1305 1182 1378 τεμεῑτῶν

171 1404 253 1485 ΕΗ,
268 1405 332 1465 ΖΘ
349 1401 504 1466 εὐθειῶν·
517 1401 610 1470 ,ὥστε
628 1401 689 1464 οὐκ
707 1402 796 1464 ἐσται
812 1400 832 1483 ἡ
847 1403 915 1464 ΚΛ
929 1399 966 1464 έν
979 1410 1024 1488 τῳ
1041 1405 1148 1466 ΖΕΗ
1152 1405 1181 1465 Θ

172 1507 326 1596 ἐπιπέδῳ·
349 1505 404 1572 καὶ
427 1508 466 1571 τᾶ
489 1508 587 1571 λοιπὰ
610 1508 703 1590 δῆλα.

652 1734 700 1802 θ’.

233 1862 309 1928 Ἐὰν
331 1863 508 1946 κύλινδρος
531 1860 671 1949 ἐπιπέδῳ
695 1868 805 1946 τμηθῇ
828 1864 907 1945 μήτε
928 1863 1016 1947 παρὰ
1039 1862 1097 1938 τὰς
1120 1861 1178 1944 βᾶ-

104 1963 150 2035 ¹15
169 1987 237 2046 σεις
255 1972 333 2053 μήτε
350 1968 555 2043 ὑπεναντίως
574 1969 653 2051 μήτε
672 1968 728 2032 διᾶ
746 1977 805 2031 τοῦ
824 1965 941 2045 ἄξονος
959 1969 1038 2051 μήτε
1054 1974 1177 2054 παραλ-

169 2079 256 2163 λήλῳ
285 2085 330 2162 τῳ
357 2076 414 2139 διὰ
440 2083 500 2139 τοῦ
528 2072 644 2152 ἄξονος
671 2072 828 2160 ἐπιπέδῳ,
854 2072 875 2155 η
898 2075 979 2158 τομὴ
1004 2075 1177 2140 οὐκέσται

168 2183 289 2258 κύκλος
311 2177 390 2246 οὐδὲ
412 2181 660 2267 εὐθύγραμμον.
1266 2261 1267 2272 2

236 2291 317 2353 ε”στω
345 2286 535 2374 κύλινδρος,
568 2283 609 2352 οὗ
636 2287 747 2370 βᾶσεις
776 2288 810 2350 οί
835 2293 881 2369 A,
905 2291 933 2350 Β
961 2285 1091 2370 κύκλοι,
1123 2285 1176 2351 καλ

169 2396 341 2479 τετμήσθω
365 2391 505 2481 ἐπιπέδῳ
529 2394 609 2477 μήτε
626 2394 714 2478 παρὰ
733 2394 790 2469 τᾶς
807 2395 921 2476 βᾶσεις
938 2394 1017 2477 μήτε
1035 2393 1176 2459 ὑπεναν-

117 2518 151 2567 20
169 2506 247 2578 τίως
269 2503 347 2585 μήτε
370 2501 426 2565 διὰ
448 2509 508 2564 τοῦ
532 2498 648 2577 ἄξονος
670 2501 748 2583 μήτε
771 2501 986 2585 παραλλήλοις
1008 2509 1053 2587 τῳ
1076 2499 1176 2578 ἄξονι.

110 2633 115 2644 ·
170 2609 206 2672 τὸ
230 2609 270 2691 δὴ
294 2606 414 2691 τέμνον
437 2607 592 2672 ἐπίπεδον
614 2609 686 2690 ἤτοι
709 2604 764 2670 καὶ
786 2608 844 2683 τὰς
861 2607 973 2689 βᾶσεις
991 2604 1099 2690 τέμνει
1118 2605 1176 2691 ἄμ-

170 2712 311 2799 φοτέρας
339 2712 443 2796 ἄτην
466 2711 579 2798 ἑτέραν
601 2711 621 2796 ἢ
645 2711 830 2799 οὐδετέραν.
872 2723 1005 2798 πρῶτον
1031 2713 1073 2797 δὴ
1097 2711 1176 2797 μηδ-

171 2819 285 2904 ετέραν
307 2818 447 2903 τεμνέτω
470 2817 525 2884 καὶ
547 2823 679 2884 ποιείτω
703 2820 856 2905 γραμμὴν
884 2818 919 2884 ε’ν
941 2829 980 2905 τῇ
1004 2819 1176 2906 ἐπιφανείᾳ

170 2935 229 2991 τοῦ
257 2926 438 3011 κυλίνδρου
466 2927 527 3010 τὴν
555 2930 661 2990 ΓΕΔ.
712 2924 809 3010 λέγω,
828 2925 892 3006 Ιὅτι
920 2924 939 3008 η
969 2928 1067 2990 ΓΕΔ
1094 2927 1174 3011 τομὴ

117 3051 151 3098 25
171 3033 246 3098 ούτε
269 3031 388 3108 κύκλος
411 3031 501 3097 ἐστὶν
523 3033 599 3097 οὐτε
621 3031 867 3118 εὐθύγραμμον.

242 3269 265 3316 1.
284 3262 349 3333 καί]
368 3259 401 3328 V,
420 3262 472 3314 καί
488 3259 561 3314 ἐστιν
580 3276 626 3328 cp.
699 3265 723 3313 2.
745 3260 872 3331 ΖΕΗΘ]
893 3262 918 3313 Ε
936 3275 951 3313 e
970 3275 1038 3314 corr.
1057 3278 1084 3329 p.
1151 3266 1172 3314 3.

170 3331 230 3388 ἐπεί
251 3363 282 3373 -
302 3338 326 3386 5.
347 3329 481 3404 ἐπιπέδῳ]
500 3347 553 3385 om.
572 3348 598 3399 p.
690 3336 713 3384 δ.
737 3332 785 3403 τῷ]
804 3336 842 3402 τῷ
860 3331 934 3402 αὐτῷ
952 3348 979 3400 p.
1071 3337 1095 3387 9.
1114 3332 1173 3402 τοῦ]

169 3405 245 3466 τινὸς
262 3412 311 3458 τοῦ
329 3421 356 3472 p.
449 3409 489 3456 10.
513 3403 584 3473 ΚΛ]
607 3405 666 3454 ΛΚ
682 3417 704 3454 ο.
796 3407 836 3456 14.
861 3403 972 3526 τμηθῇῳ
991 3401 1095 3472 Halley
1113 3419 1174 3456 cum

171 3476 283 3542 comm„
301 3477 418 3543 τμηθεῑς
436 3474 512 3541 ch.
593 3477 634 3526 20.
655 3471 735 3536 ἄξονι
754 3503 789 3512 -
807 3478 849 3527 21.
870 3471 951 3527 ἐκλπε
972 3473 1017 3544 ον]
1036 3472 1066 3528 in
1084 3489 1138 3528 ras.
1157 3491 1174 3542 p

172 3560 227 3612 seq.
246 3561 344 3598 rasura
362 3561 472 3614 magna.
