2504 3928
181 167 245 231 190
491 167 578 220 ΠΕΡΙ
595 166 724 219 mom*
742 167 878 220 οοΜΗΣ.

178 312 273 396 βάσει
295 314 459 399 τρίγωνον
481 309 636 395 μέγιστον
659 313 749 376 ἔσται
771 311 907 378 πάντων
929 325 996 379 τῶν
1018 314 1115 392 ἐκτὸς
1134 325 1192 380 τοῦ

179 419 297 498 ἄξονος
314 419 351 484 ἐν
368 429 414 507 τῷ
432 420 528 506 κώνῳ
543 417 793 502 συνισταμένων
805 421 979 502 τριγώνων
992 419 1047 486 καὶ
1065 428 1193 508 παραλ-

179 530 300 611 λήλους
325 527 440 610 βάσεις
465 525 608 610 ἐχόντων
634 535 675 611 τῇ
697 535 758 590 τοῦ
780 527 864 612 πρὸς
886 526 993 612 ὀρθάς
1013 530 1193 614 τριγώνου.

245 645 351 710 κῶνος
374 632 448 719 γάρ,
471 628 512 698 οὗ
533 634 668 718 κορυφή
688 629 748 717 μὲν
771 634 808 698 τὸ
829 639 871 717 Α,
895 632 991 717 βάσις
1013 632 1051 701 δὲ
1075 636 1095 702 ὁ
1119 634 1193 721 περὶ

144 759 159 806 5
178 743 215 807 τὸ
239 746 267 807 Β
290 738 427 826 κέντρον
454 741 588 823 κύκλος,
616 741 791 823 τετμήσθω
818 741 874 804 διδ
897 750 957 806 τοῦ
980 740 1103 820 ἄξονος
1127 742 1192 807 ἐπι-

177 849 266 937 πέδω
301 856 453 913 ποιοῦντι
487 848 523 912 τὸ
558 849 661 911 ΑΓΔ
696 850 861 932 τρίγωνον
897 849 980 934 πρὸς
1010 849 1124 936 ὀρθὰς
1155 857 1192 933 τῇ

177 957 271 1040 βάσει
294 964 354 1021 τοῦ
376 956 497 1037 κώνου,
520 953 540 1036 ή
560 950 597 1019 δὲ
619 953 683 1018 άπὸ
706 962 766 1018 τοῦ
785 960 817 1018 Α
840 952 894 1019 ἐπὶ
916 957 977 1039 τήν
1001 959 1071 1022 ΓΔ
1094 955 1192 1022 κάθε-

176 1087 232 1141 τος
254 1065 298 1147 μή
322 1061 465 1128 ἐλάττων
489 1065 570 1127 ἔστω
593 1069 652 1145 τῆς
675 1060 709 1126 ἐκ
731 1069 791 1126 τοῦ
814 1059 953 1148 κέντρου
976 1071 1035 1146 τής
1055 1063 1193 1146 βάσεως.

176 1169 275 1253 λέγω,
303 1169 354 1234 ὅτι
380 1170 418 1234 τὸ
446 1172 549 1233 ΑΓΔ
576 1172 740 1254 τρίγωνον
767 1167 921 1252 μέγιστόν
952 1169 1021 1234 ἐστι
1054 1169 1192 1234 πάντων

124 1295 157 1342 10
175 1288 242 1343 τῶν
265 1275 301 1342 έν
323 1285 368 1364 τῷ
392 1277 488 1363 κώυςο
507 1272 757 1359 συνισταμένων
774 1275 947 1361 τριγώνων
965 1275 1082 1358 βάσεις
1101 1275 1190 1359 ἐχόν-

176 1408 243 1451 των
265 1385 497 1471 παραλλήλους
519 1391 558 1468 τή
582 1385 656 1447 ΓΔ.

243 1493 372 1575 διήχθω
404 1492 466 1576 γάρ
500 1489 536 1554 ἐν
563 1499 608 1577 τῷ
637 1490 746 1576 κύκλῳ
769 1499 809 1575 πή
837 1492 902 1554 ΓΔ
929 1488 1144 1574 παράλληλος
1169 1485 1187 1568 ἡ

175 1603 253 1683 ΕΖ,
281 1596 335 1682 ἐφ’
365 1592 404 1681 ής
430 1598 467 1662 τὸ
491 1601 593 1661 ΑΕΖ
616 1600 793 1681 τρίγωνον,
817 1595 853 1660 ἐν
877 1592 914 1660 δὲ
935 1605 981 1684 τῷ
1005 1605 1067 1660 τοῦ
1091 1596 1188 1660 ΑΓΛ

175 1707 341 1792 τριγώνου
376 1702 516 1791 ἐπιπέδῳ
547 1704 630 1790 πρὸς
662 1703 768 1788 ὀρθάς
799 1702 965 1768 ἀνεστάτω
997 1711 1037 1788 τῇ
1072 1705 1140 1767 ΓΔ
1169 1697 1187 1780 ἡ
1241 1691 1242 1740 ¹

124 1828 156 1875 15
175 1816 258 1895 ΒΗ,
285 1809 341 1876 καὶ
368 1820 407 1896 τῇ
432 1814 496 1875 ΓΛ
521 1810 730 1896 παράλληλος
752 1810 772 1893 ή
795 1813 882 1874 ΑΗ·
906 1808 927 1891 ή
951 1813 1025 1874 ΒΗ
1044 1811 1110 1895 άρα
1135 1812 1184 1885 ἴση

176 1916 244 1983 ἐστὶ
267 1927 306 2003 τῇ
330 1917 393 1983 ἀπὸ
416 1925 476 1982 τοῦ
494 1924 527 1982 Α
550 1915 603 1982 ἐπὶ
626 1917 687 2000 τήν
711 1919 776 1981 ΓΔ
799 1914 939 2004 καθέτῳ.
986 1915 1184 1999 ἐπεζεύχθω-

174 2042 238 2090 σαν
270 2027 308 2089 m?
329 2028 410 2108 ΗΓ,
434 2028 516 2107 ΗΔ,
541 2028 622 2107 ΗΕ,
646 2027 729 2087 ΗΖ·
766 2025 968 2107 νοήθήσεται
1001 2023 1042 2107 δή
1073 2033 1184 2098 κῶνος,

175 2128 216 2198 οὗ
245 2132 376 2218 κορυφή
406 2127 467 2214 μὲν
496 2131 532 2196 τὸ
564 2135 612 2214 Η,
642 2128 729 2208 άξων
757 2127 794 2195 δὲ
821 2129 841 2212 ἡ
871 2133 953 2212 ΗΒ,
980 2129 1079 2212 βάσις
1106 2122 1142 2191 δὲ
1167 2121 1182 2186 δ

175 2238 250 2326 περὶ
273 2241 310 2304 τὸ
329 2243 357 2304 Β
381 2236 520 2324 κέντρον
541 2238 671 2322 κύκλος,
694 2236 731 2302 έν
754 2230 781 2325 ᾧ
803 2240 949 2323 τρίγωνα
969 2237 1026 2301 διδ
1043 2233 1106 2320 μὲν
1127 2237 1181 2296 τοῦ

124 2361 157 2410 20
176 2345 293 2426 άξουος
315 2347 352 2411 τὸ
377 2348 497 2428 ΗΓΔ,
520 2343 611 2420 ἐκτὸς
634 2340 670 2408 δὲ
692 2352 752 2408 τοῦ
776 2342 893 2421 ἄξονος
915 2343 952 2408 τὸ
972 2347 1086 2407 ΗΕΖ.
1118 2333 1180 2405 ἐπεὶ

176 2451 238 2522 οὖν
260 2454 280 2538 ἡ
301 2458 375 2520 ΒΗ
388 2452 450 2518 ούκ
473 2451 620 2517 ἐλάσσων
644 2448 713 2515 ἐστὶ
736 2459 794 2535 τῆς
816 2449 852 2514 ἐκ
875 2459 935 2515 τοῦ
957 2448 1107 2536 κέντρου,
1130 2443 1179 2510 διδ

175 2563 216 2626 τά
238 2557 495 2647 προδεδειγμένα
516 2560 580 2645 άρα
603 2559 640 2622 τὸ
660 2561 760 2622 ΗΓΔ
783 2559 893 2641 μεῖζόν
916 2556 985 2622 ἐστι
1003 2565 1065 2621 τοῦ
1084 2552 1179 2620 ΗΕΖ

176 2665 230 2731 καὶ
257 2667 391 2732 πάντων
418 2677 485 2732 τών
513 2664 549 2730 ἐν
577 2675 622 2753 τῷ
645 2664 740 2752 κώνςο
765 2665 937 2750 τριγώνων
959 2663 1073 2746 βάσεις
1095 2661 1177 2745 ἑχόν-

176 2797 244 2839 των
273 2775 502 2860 παραλλήλους
533 2780 572 2857 τή
605 2775 679 2836 ΓΔ.
732 2770 814 2836 ἀλλὰ
847 2771 885 2836 τὸ
915 2766 975 2854 μὲν
1005 2773 1111 2834 ΗΓΔ
1136 2771 1175 2850 τῷ

124 2892 157 2940 25
176 2883 280 2945 ΑΓΛ
305 2885 377 2945 ἴσον
401 2879 503 2944 ἐστίν·
527 2877 583 2943 ἐπί
603 2902 637 2943 τε
656 2878 719 2964 γάρ
738 2886 796 2962 τῆς
813 2876 915 2961 αὐτῆς
932 2876 1059 2959 βάσεως
1076 2872 1128 2942 καὶ
1146 2869 1176 2936 ἐν

176 2999 247 3064 ταῖς
270 2987 385 3062 αὐταῖς
406 2988 640 3070 παραλλήλοις·
663 2987 701 3050 τὸ
725 2981 763 3049 δὲ
783 2987 886 3048 ΗΕΖ
908 2992 954 3071 τῷ
973 2988 1074 3048 ΑΕΖ
1098 2989 1173 3047 ἴσον·

176 3095 213 3158 τὸ
232 3094 297 3180 άρα
315 3096 419 3158 ΑΓΔ
436 3100 497 3158 τοῦ
516 3096 619 3157 ΑΕΖ
641 3094 750 3176 μεῖζόν
769 3090 868 3156 ἐστιν.
904 3090 1026 3175 ὁμοίως
1044 3086 1082 3155 δὲ
1099 3087 1173 3154 δείκ-

249 3397 271 3445 1.
298 3391 385 3463 ἔσται]
407 3408 459 3446 om.
479 3408 502 3445 ο.
594 3387 682 3460 ἐκτός]
704 3405 737 3458 p,
766 3387 844 3451 ἐντός
862 3387 915 3443 Vc.
1007 3394 1048 3442 18.
1072 3389 1105 3460 ἡ]
1126 3382 1170 3446 Vc,
1239 3347 1240 3366 δ

178 3460 427 3582 ὁμλοώπεώε.
488 3462 723 3533 HB]Heeorr.
743 3478 770 3528 p.
831 3465 871 3514 19.
892 3460 971 3530 B]p,
992 3459 1086 3515 er.
1136 3457 1169 3508 λδ·
1239 3485 1240 3498 ι

178 3531 314 3600 κα]εἰσι
331 3529 380 3585 κοιλ
397 3549 423 3600 p.
496 3531 1076 3601 27.APA]vep,APecorr.m.1V.
1239 3525 1240 3604 ή
