2488 3938
173 187 234 251 128
479 190 566 240 ΠΕΡΙ
584 188 712 242 Κάνου
729 189 866 241 υοιιιιυ.

170 335 248 397 ΕΗ.
294 331 480 417 ἀφηρησθω
505 335 621 397 τοίνυν
644 341 683 418 τῇ
706 337 780 397 ΕΗ
805 338 858 415 ἴση
882 333 902 417 ἡ
927 337 1006 412 ΒΘ,
1033 331 1087 398 καῖ
1110 332 1182 397 έιτε-

125 425 129 432 ’
172 439 297 522 ζεύχθω
320 437 341 521 ἡ
360 442 399 502 Η
402 443 438 502 Θ.
475 436 530 503 καῖ
551 437 620 504 ἐπεὶ
644 444 697 521 ἴση
716 438 736 522 ἡ
755 435 816 523 μὲν
835 443 909 504 ΕΗ
927 450 967 525 τῇ
986 444 1060 522 ΒΘ,
1082 441 1180 523 κοινὴ

170 541 207 610 δὲ
225 544 245 628 ἡ
260 549 339 628 ΒΗ,
363 546 425 611 δύο
445 547 509 631 άροι
527 543 627 611 ὃυσῖν
645 551 722 610 ἴσαι.
759 543 815 610 καὶ
833 548 938 628 γωνία
957 545 977 628 η
996 545 1061 611 ὑπὸ
1075 551 1180 612 ΕΗΒ

170 662 209 738 τῇ
232 651 297 717 ὑπὸ
320 656 427 716 ΗΒΘ
450 657 517 734 ἴση·
545 651 632 738 ὀρθὴ
656 653 719 738 γάρ
743 649 891 737 ἑκατέρα·
918 650 975 716 καῖ
997 653 1092 736 βάσις
1113 655 1180 738 άρα

136 771 151 818 σ
170 758 190 842 ἡ
209 763 273 823 ΕΒ
296 770 336 845 τῇ
357 763 429 824 ΘΗ
448 764 502 841 ἴση
522 757 601 842 έστί,
624 756 679 828 καῖ.
698 759 794 843 ὅμοια
813 759 852 823 τὰ
870 762 1028 845 τρίγωνα·
1053 761 1097 836 ώς
1114 761 1180 845 άροι

170 866 190 950 ἡ
214 870 279 930 ΒΕ
300 867 382 951 πρὸς
404 869 488 948 ΕΗ,
517 865 622 941 οὕτως
645 865 665 949 ἡ
688 869 759 929 ΗΘ
781 867 864 952 πρὸς
889 870 960 931 ΘΒ.
1005 866 1025 950 ἡ
1050 865 1086 932 δὲ
1108 871 1178 932 ΗΘ

169 973 252 1058 πρὸς
277 976 338 1036 ΘΒ
366 975 498 1057 μείζονα
525 975 626 1055 λόγου
654 975 718 1055 ἔχει
744 973 827 1058 ἥπερ
855 972 875 1056 ἡ
899 978 971 1037 HA
997 975 1081 1060 πρὸς
1103 977 1177 1056 ΑΒ,

171 1079 215 1154 ώς
238 1080 451 1164 προεθεῖχθη·
474 1079 685 1165 ὀρθογώνιον
708 1080 771 1165 γάρ
795 1081 831 1144 τὸ
851 1084 965 1145 ABH.
1002 1079 1058 1145 κοιῖ
1076 1080 1096 1164 ἡ
1115 1085 1179 1145 ΒΕ

170 1187 234 1271 ἄρα
263 1185 346 1271 πρὸς
373 1188 456 1268 ΕΗ,
487 1184 658 1250 τουτέστιν
684 1184 704 1268 ἡ
734 1188 795 1250 ΓΒ
827 1187 911 1272 πρὸς
933 1191 1017 1271 ΕΗ,
1049 1191 1176 1272 μειζουα

120 1303 151 1350 10
171 1293 272 1373 λόγον
299 1293 364 1374 ἔχει
387 1291 473 1376 ’ἥπερ
501 1290 521 1374 ἡ
550 1295 626 1356 ΑΗ
648 1292 732 1377 πρὸς
753 1296 832 1356 ΑΒ·
864 1293 901 1357 τὸ
929 1294 993 1379 ἄρα
1020 1293 1086 1359 ὑπὸ
1112 1304 1176 1358 τών

172 1400 248 1481 ΓΔ,
267 1400 333 1462 BA
360 1401 469 1482 μεῖζόν
497 1397 565 1463 ἐστι
592 1407 653 1462 τοῦ
679 1397 744 1463 ὑπὸ
772 1409 840 1463 τῶν
862 1403 941 1483 ΕΖ,
959 1403 1031 1466 HA
1060 1401 1115 1466 διὰ
1139 1401 1173 1464 τὸ

170 1514 302 1589 πρώτον
325 1503 515 1589 λημμάτιον.
553 1503 636 1570 ἀλλὰ
658 1513 718 1569 τοῦ
741 1501 802 1588 μὲν
819 1504 885 1571 ὑπὸ
905 1509 976 1590 ΓΔ,
994 1511 1060 1572 ΒΑ
1077 1507 1174 1591 ἥμισύ

170 1611 238 1676 ἐστι
261 1613 298 1676 τὸ
322 1614 420 1676 ΑΓΔ
441 1614 622 1697 τρίγωνον,
650 1619 710 1676 τοῦ
733 1608 770 1676 δέ
797 1611 862 1676 ὑπὸ
885 1617 963 1696 ΕΖ,
982 1617 1055 1678 HA
1076 1614 1171 1697 ἥμισυ

170 1719 206 1782 τὸ
230 1722 331 1783 ΑΕΖ
358 1721 533 1803 τρίγωνον·
566 1715 621 1782 καῖ
649 1719 685 1782 τὸ
709 1723 742 1782 Α
748 1720 808 1782 ΓΔ
836 1720 900 1804 άροι
927 1722 1091 1805 τρίγωνον
1117 1727 1171 1783 τοῦ

118 1836 150 1884 15
169 1829 270 1890 ΑΕΖ
296 1827 406 1909 μεῖζόν
430 1822 508 1889 ἐστι.
553 1822 608 1888 καῖ
630 1824 766 1889 πάντων
793 1826 857 1911 ἄρα
880 1836 948 1891 τῶν
972 1832 1045 1902 ἴσας
1066 1825 1173 1910 βάσεις

71 1931 72 1936 ’
170 1930 314 2014 ἑχόντων
337 1940 375 2016 τῇ
394 1935 457 1994 ΕΖ
480 1928 535 1995 καῖ
558 1931 615 1994 διὰ
637 1938 735 1995 τοῦτο
755 1936 837 1996 ἴσων
856 1933 964 1998 ὄντων
981 1935 1090 2017 μεῖζόν
1109 1931 1171 1997 έστι

169 2038 206 2101 τὸ
230 2039 336 2101 ΑΓΛ.
374 2036 495 2121 ὁμοίως
517 2034 554 2101 δὲ
577 2034 726 2121 δείξομεν
752 2035 807 2102 καῖ
831 2036 884 2102 έπῖ
906 2050 974 2104 τῶν
997 2041 1106 2105 ἄλλων
1122 2061 1171 2102 το·

169 2153 241 2227 μών
264 2154 331 2208 τῶν
354 2142 445 2218 έκτὸς
467 2151 528 2207 τοῦ
551 2141 680 2221 ἄξονος·
711 2141 867 2228 μέγιστον
890 2147 954 2231 άροι
977 2147 1014 2210 τὸ
1039 2146 1093 2210 διὰ
1114 2151 1168 2208 τοῦ

169 2248 285 2328 ἄξονος
308 2252 481 2336 τρίγωνον.

115 2458 150 2507 ιο
657 2443 698 2513 ς’.

225 2569 319 2635 ’Ἐστι
354 2571 390 2635 τὸ
423 2570 503 2635 αὐτὸ
540 2567 595 2634 κοιλ
628 2569 734 2644 άλλως
765 2569 1032 2656 καθολικώτερον
1064 2567 1167 2648 δεῖξαι,
1229 2543 1230 2613 ἴ

169 2676 220 2740 ὅτι
247 2674 302 2740 καὶ
330 2675 441 2751 ἁπλῶς
467 2686 534 2741 τῶν
557 2676 729 2761 τριγώνων
756 2675 793 2739 τὸ
816 2678 947 2759 μείζονα
974 2676 1074 2759 βάσιν
1100 2678 1168 2759 ἔχον

168 2784 277 2866 μεῖζόν
300 2781 378 2847 έστι.

236 2887 418 2973 τμηθέντος
435 2889 498 2974 γάρ
516 2897 577 2953 τοῦ
595 2889 705 2954 κώνου
724 2885 872 2970 γενέσθω
890 2888 931 2952 τά
949 2892 1058 2971 ΑΓΔ,
1073 2890 1167 2952 ΑΖΔ

116 3008 149 3058 25
169 3000 328 3081 τρίγωνα,
352 2997 434 3062 ὥστε
456 2996 514 3072 τάς
537 2998 611 3079 ΓΔ,
632 2999 697 3060 ΖΔ
720 2995 832 3078 βάσεις
854 2995 1056 3079 συμβάλλειν
1078 2993 1165 3074 άλλη·

169 3108 241 3181 λοιις
263 3102 400 3167 κατὰτὸ
418 3108 451 3167 A
473 3099 584 3187 πέρας,
606 3100 661 3167 κοιλ
680 3104 761 3166 ἔστω
779 3103 897 3185 μείζων
917 3111 973 3186 της
993 3107 1058 3166 ΖΔ
1076 3101 1095 3186 η
1114 3102 1165 3164 ΓΔ

241 3403 438 3472 1.τη]τηςρ.
511 3399 697 3468 &Be-2.
719 3397 775 3469 ἴση]
795 3398 1026 3468 οιιι.λῖο,ηΒΘ
1044 3401 1091 3455 καλ
1109 3397 1160 3452 έπε-

170 3471 276 3540 {Axona
298 3471 316 3539 η
337 3473 402 3526 ΗΘ.
439 3471 488 3525 καλ
512 3469 572 3523 ἐπεὶ
595 3468 639 3539 ἴση
662 3467 713 3538 μέν
732 3468 805 3523 ἐστιν
828 3488 855 3538 p.
946 3477 970 3526 2.
990 3468 1053 3543 μέν]
1073 3488 1121 3526 om.
1137 3485 1157 3536 p.

206 3541 271 3609 ΒΘ]
291 3543 315 3595 Θ
334 3557 349 3593 e
368 3557 435 3595 corr.
455 3559 490 3595 m.
511 3546 525 3594 1
546 3556 567 3595 0.
633 3545 657 3595 3.
677 3539 746 3612 ἴσαι]
766 3538 824 3593 ἴσαι
843 3537 895 3594 εἴολ
912 3559 939 3610 p.
1006 3550 1031 3598 4.
1051 3541 1105 3612 ἴση]
1122 3537 1158 3605 ἴση
