2574 3934
403 199 453 248 DE
472 199 648 250 SEOTIONE
667 199 844 253 OYLINDRI.
1086 202 1127 264 21

111 341 206 424 qnod
243 345 277 405 et
313 341 353 405 ad
388 341 727 427 parallelogrammum
763 365 821 428 per
857 367 950 409 axem
986 346 1129 429 positum

110 447 382 532 perpendiculare
397 451 447 512 est
462 452 495 512 et
509 469 712 512 communem
726 448 902 514 sectionem
916 450 950 514 in
962 454 1130 536 parallelo-

111 575 267 640 grammo
304 553 404 619 efficit
440 558 562 619 rectam
599 554 736 641 angulos
772 555 968 622 efficientem
1000 561 1128 645 angulis

108 659 414 745 parallelogrammi
451 661 614 747 aequales,
650 661 783 726 basibus
821 667 931 739 autem
961 665 1130 748 parallelo·

112 765 260 852 grammi
278 787 344 830 non
361 766 559 853 parallelam,
577 767 678 833 sectio
698 768 837 834 circulus
856 769 931 856 erit3
950 770 1129 855 adpelletur

113 879 230 938 autem
254 873 329 937 talis
351 873 473 958 positio
496 875 585 958 plani
609 874 813 940 contraria.

768 981 811 1047 sit
849 983 1012 1068 cylindrus
1047 983 1128 1048 obli-

608 1126 636 1176 Α
701 1110 799 1174 quus,
836 1088 926 1154 cuius
960 1090 1129 1175 parallelo-

700 1215 882 1280 grammum
895 1219 953 1282 per
967 1219 1061 1262 axem
1071 1219 1128 1282 po-

699 1300 799 1365 situm
817 1302 860 1366 rit
879 1309 944 1367 ΑΛ
963 1304 1004 1367 ad
1021 1303 1127 1368 basim

697 1408 976 1495 perpendiculare,
1002 1413 1129 1475 secetur

698 1516 807 1577 autem
834 1513 998 1598 cylindrus
1026 1515 1125 1580 etiam

698 1618 762 1683 alio
781 1618 878 1701 plano
897 1625 1016 1703 ΕΖΗ,
1040 1623 1125 1706 quod

697 1731 729 1790 et
756 1725 864 1809 ipsum
894 1727 934 1791 ad
956 1726 1125 1811 parallelo-

697 1854 880 1918 grammum
901 1838 971 1897 ΑΛ
990 1854 1125 1917 perpen-

696 1938 837 2004 diculare
875 1940 918 2004 sit
955 1940 990 2005 in
1023 1960 1123 2024 eoque

577 2059 582 2068 ·
698 2067 900 2111 communem
947 2045 1125 2111 sectionem

697 2152 818 2217 efficiat
872 2156 996 2218 rectam
1050 2155 1129 2215 ΕΗ

696 2259 794 2324 rectis
836 2264 919 2341 AB,
948 2262 1013 2323 ΓΔ
1057 2279 1125 2321 non

117 2361 321 2447 parallelam,
343 2363 479 2448 angulos
503 2368 611 2427 autem
634 2364 828 2430 efficientem
851 2365 1015 2448 aequales,

301 2473 628 2555 [nnn-anna,
655 2473 944 2535 snn=Aara

116 2576 204 2661 dico,
228 2576 404 2642 sectionem
426 2580 534 2640 EZH
553 2599 622 2642 esse
647 2578 810 2643 circulum.

186 2687 333 2747 sumatur
359 2682 395 2745 in
421 2686 510 2748 recta
532 2687 606 2749 ΕΗ
623 2689 781 2768 punctum
804 2682 936 2766 aliquod
961 2687 1003 2767 Θ,
1031 2687 1064 2747 et
1087 2684 1128 2748 ad

120 2793 191 2854 ΕΗ
228 2788 503 2874 perpendicularis
544 2790 679 2855 ducatur
717 2795 779 2855 ΘΖ
819 2789 855 2853 in
890 2790 987 2874 plano
1023 2794 1131 2854 ΕΖΗ

120 2895 239 2980 posita3
264 2899 327 2959 ΖΘ
348 2895 451 2981 igitur
474 2896 667 2980 adplenum
687 2904 757 2962 ΑΛ
779 2897 1053 2982 perpendicularis
1077 2887 1127 2963 est

128 3039 329 3052 ——.——

188 3123 220 3176 In
239 3122 288 3176 Vr
307 3125 452 3193 praeterea
475 3124 546 3178 haec
567 3123 657 3194 figura
681 3126 735 3193 est,
760 3124 809 3178 sed
896 3053 1118 3554 ΞΔ

121 3193 149 3247 in
171 3194 196 3247 V
219 3193 326 3262 deleta3
356 3193 387 3246 in
410 3212 427 3248 v
451 3194 602 3265 adscripsit
623 3214 659 3250 m.
682 3211 736 3250 rec.
760 3213 808 3249 πε-

120 3273 206 3334 ριττεῑ.
894 3268 923 3317 K

571 3485 574 3494 ·
858 3479 893 3529 Α,

808 3564 1037 3626 ,nm
