2592 3932
182 170 246 234 272
493 172 579 222 ΠΕΡΙ
596 169 726 222 Κῶμον
744 169 880 223 ΤοΜΗΣ.

184 316 245 380 δύο
273 317 419 402 τρίγωνα
445 315 485 379 τὰ
510 317 626 398 ΓΑΔ,
654 318 755 377 ΕΑΖ
782 313 896 396 βάσεις
919 319 991 389 ἴσας
1018 315 1099 397 ἔχει,
1130 316 1210 396 ἔχει

183 419 220 487 δὲ
246 420 302 487 καὶ
328 423 391 506 τήν
417 420 480 485 άπὸ
506 430 563 504 τής
585 428 737 504 κορυφῆς
759 416 812 484 ἐστὶ
835 420 896 503 τήν
919 420 1113 503 ἂιχοτομίαν
1138 429 1210 504 τῆς

183 529 309 614 βάσεως
334 525 480 612 ήνμένήν
507 529 568 610 τήν
596 527 714 610 αὐτήν,
742 525 762 609 ή
791 522 828 589 δὲ
856 535 916 590 τοῦ
941 524 1052 611 ἑτέρου
1075 529 1211 611 μείζων

182 637 308 722 πλευρὰ
336 636 419 720 πρὸς
441 635 502 718 τήν
525 633 682 698 ἐλάττονα
705 635 836 718 μείζονα
859 636 961 716 λόγον
984 636 1048 718 ἔχει
1066 633 1154 718 ήκερ
1180 634 1209 717 ἡ

150 759 165 807 5
185 752 244 807 τοῦ
272 740 384 827 ἑτέρου
412 744 531 825 μείζων
553 741 637 825 πρὸς
659 742 720 823 τήν
742 739 916 824 ἐλάττονα,
944 737 1000 804 καὶ
1022 741 1062 805 τά
1085 744 1208 827 λοιπά,

183 852 219 916 τὸ
247 852 312 936 άρα
334 852 402 913 ΕΑ
409 852 436 911 Ζ
464 850 629 932 τρίγωνον
656 849 792 912 ἔλαττόν
820 845 902 911 ἐστι·
932 850 1041 931 μεῖζον
1066 849 1135 934 άρα
1161 851 1207 914 τὸ

154 949 156 952 ’
185 961 283 1022 ΓΑΔ
305 959 469 1042 τρίγωνον
492 962 552 1018 τοῦ
571 958 639 1018 EA
645 958 672 1017 Z
697 950 756 1040 [ὡς
778 951 912 1036 ἐδείχθη
930 957 1121 1040 θεωρήματι
1144 955 1209 1020 ιβ’

185 1072 244 1127 τοῦ
267 1063 400 1148 πρῶτον
424 1063 581 1144 βιβλίου]

656 1261 722 1321 νή.

133 1381 167 1430 10
257 1367 330 1428 Τῶν
363 1369 445 1428 ἴσων
473 1360 534 1446 μὲν
560 1360 616 1426 καὶ
644 1361 759 1447 ὀρθῶν
786 1362 918 1446 κώνων,
951 1361 1118 1447 ἀνομοίων
1150 1363 1206 1449 (λε’,

186 1470 407 1536 ἀντικέκονθε
434 1470 475 1534 τά
502 1470 559 1534 διὰ
581 1477 641 1534 τοῦ
665 1467 782 1546 ἄξονος
804 1472 950 1555 τρίγωνα
972 1480 1045 1546 ταῖς
1067 1467 1206 1536 ἑαυτῶν

185 1578 329 1663 βάσεσιν.

252 1687 398 1749 ἔστωσαν
430 1693 533 1747 κῶνοι
561 1680 662 1768 ὀρθοὶ
689 1680 744 1747 καὶ
774 1688 855 1766 ἴσοι,
888 1681 1039 1767 ἀνόμοιοι
1063 1681 1114 1766 δέ,
1150 1679 1207 1749 ὧν

185 1788 332 1876 κορυφαὶ
354 1786 414 1874 μὲν
437 1790 477 1853 τά
495 1795 537 1873 Α,
560 1793 589 1853 Β
613 1801 739 1873 σημεῖα,
763 1787 876 1866 ἄξονες
899 1786 936 1854 δὲ
959 1791 995 1855 ολ
1010 1793 1096 1873 ΑΗ,
1118 1795 1206 1875 ΘΒ,

134 1914 167 1961 15
186 1899 226 1962 τά
263 1894 300 1961 δὲ
332 1897 388 1961 διὰ
419 1907 486 1962 τῶν
518 1894 646 1974 ἀξόνων
677 1899 823 1981 τρίγωνα
854 1897 895 1962 τὰ
926 1899 1047 1980 ΑΓΔ,
1084 1901 1206 1983 ΒΕΖ,

186 2004 297 2089 βάσεις
320 2000 357 2068 δὲ
379 2015 446 2069 τῶν
468 2004 587 2068 κώνων
606 2004 641 2067 οἱ
656 2000 732 2090 περὶ
750 2004 808 2079 τὰς
828 2006 898 2087 ΓΛ,
917 2008 981 2067 ΕΖ
1000 2002 1205 2090 διαμέτρους

186 2112 310 2176 κύκλοι.
361 2108 461 2193 λέγω,
493 2110 558 2193 ὅτι,
591 2110 635 2185 ὡς
667 2111 704 2174 τὸ
731 2112 831 2174 ΑΓΛ
859 2114 1024 2195 τρίγωνον
1050 2111 1133 2196 πρὸς
1162 2113 1205 2176 τὸ

187 2223 299 2302 ΒΕΖ,
322 2217 428 2292 οὕτως
451 2215 472 2299 ή
495 2220 560 2281 ΕΖ
583 2215 679 2299 μιιις
701 2217 784 2302 πρὸς
806 2218 867 2301 τήν
892 2220 960 2281 ΓΛ.
1294 2199 1295 2208 '

254 2323 322 2390 ἐπεὶ
350 2324 413 2410 γὰρ
442 2329 508 2388 ἴσοι
536 2320 622 2387 εἰσὶν
649 2323 685 2387 οἱ
709 2333 826 2406 κῶνοι,
856 2323 901 2400 ῶς
928 2325 993 2411 άρα
1020 2323 1038 2388 ὁ
1061 2321 1137 2409 περὶ
1162 2325 1205 2390 τὸ

137 2444 171 2494 20
190 2435 229 2495 H
247 2429 385 2517 κέντρον
407 2431 528 2506 κύκλος
550 2430 633 2515 πρὸς
655 2430 715 2495 τὸν
737 2427 812 2515 περὶ
831 2429 867 2494 τὸ
889 2434 918 2494 Θ
936 2431 1069 2513 κύκλον,
1093 2429 1207 2507 οὕτως

187 2535 207 2619 ἡ
231 2542 296 2602 ΒΘ
322 2538 405 2623 πρὸς
432 2538 492 2620 τήν
515 2539 595 2600 ΑΗ.
641 2535 659 2600 ὁ
687 2532 724 2600 δὲ
750 2533 825 2622 περὶ
855 2537 892 2600 τὸ
915 2540 955 2600 Η
972 2537 1094 2612 κύκλος
1115 2539 1207 2622 πρὸς

187 2644 245 2707 τὸν
272 2641 348 2727 περὶ
375 2644 412 2706 τὸ
438 2647 467 2707 Θ
488 2644 612 2707 κύκλον
635 2643 834 2708 ὃιτιλασιόνα
857 2645 957 2726 λόγον
980 2645 1046 2727 ἔχει
1069 2644 1153 2728 ήιιερ
1180 2645 1202 2728 ή

260 2804 283 2850 3.
303 2795 438 2869 ἡμμένην]
457 2816 508 2867 vp,
527 2795 610 2867 ήγμέ-
629 2814 709 2852 euan.
724 2797 758 2867 V,
776 2815 833 2867 rep.
848 2816 903 2868 mg.
919 2817 954 2853 m.
969 2816 1023 2854 rec.
1085 2806 1111 2853 6.
1131 2799 1205 2872 ἐστι]

190 2867 245 2924 ἐστι
267 2877 317 2923 τοῦ
341 2872 422 2922 ΓΑΔ
443 2887 470 2938 p.
563 2874 585 2923 7.
610 2871 647 2932 ὡς
670 2867 785 2941 ἐδείχθη
805 2901 838 2909 -
858 2875 882 2924 8.
902 2871 1022 2944 βιβλίον]
1046 2870 1079 2940 V,
1110 2870 1205 2926 deleo,

227 2964 249 3012 7.
264 2957 426 3027 θεωρήματι
436 2989 471 2997 -
481 2963 505 3013 8.
521 2955 640 3030 βιβλίον]
661 2958 691 3013 ἐν
705 2964 742 3013 τῶ
761 2964 817 3014 ,sm
834 2959 997 3028 θεωρήματι
1014 2977 1041 3028 p.
1098 2964 1122 3013 9.
1138 2959 1205 3032 νή]
1291 2967 1292 3025 V

190 3047 242 3084 om.
262 3029 295 3097 V,
324 3029 370 3086 νς’
389 3047 416 3098 p.
507 3035 549 3083 11.
578 3028 629 3101 τά]
655 3046 708 3085 om.
725 3014 759 3085 V.
852 3035 893 3084 12.
922 3028 1051 3102 βάσεσιν]
1075 3029 1122 3084 hie
1143 3031 1205 3086 des.

189 3101 325 3155 f01.235¹¹
342 3101 376 3169 V,
404 3119 459 3170 mg.
479 3119 514 3155 m.
533 3116 587 3154 rec.
606 3101 637 3154 τὸ
658 3099 720 3170 ἑξῆς
740 3100 860 3156 ἔστωσαν
879 3110 972 3156 κῶνοι.
1057 3108 1099 3156 13.
1121 3100 1206 3156 ἔστω-

189 3190 242 3228 σαν
260 3203 295 3211 -
314 3169 413 3243 ὀρθοί]
437 3189 491 3241 vp,
520 3187 600 3225 euan.
614 3172 648 3240 V,
677 3181 734 3240 rep.
753 3191 808 3242 mg.
828 3191 863 3227 m.
883 3189 936 3228 rec.
1011 3177 1054 3227 14.
1080 3173 1158 3298 ΘΒ]
1177 3191 1204 3241 v,

191 3246 314 3297 &eum
329 3242 362 3309 V,
383 3245 435 3297 ΒΘ
453 3260 480 3311 p.
541 3246 582 3296 15.
606 3242 774 3313 ΑΓΔ]1ἱλλ.
797 3247 845 3297 ΓΔ
864 3259 878 3297 e
898 3261 966 3298 corr.
985 3261 1012 3312 p.
1071 3249 1112 3297 16.
1159 3264 1207 3298 ια-
1290 3245 1291 3297 ἰ

189 3310 315 3382 μέτριος]
335 3329 388 3365 om.
398 3331 425 3380 p.
481 3317 522 3366 18.
543 3313 635 3383 BEZ]
654 3331 704 3381 vp,
724 3319 745 3367 Β
761 3330 841 3368 euan.
852 3313 885 3384 V,
904 3333 960 3385 mg.
976 3317 1075 3383 „AEZ
1088 3313 1119 3367 in
1134 3331 1206 3384 apo-

189 3382 304 3449 grapho.
328 3381 428 3435 melius
444 3386 525 3436 BEZ
539 3399 573 3436 ex
588 3382 794 3451 superioribus“
808 3403 844 3439 m.
854 3401 908 3440 ree.
964 3391 1005 3439 20.
1025 3383 1158 3457 κέντρον]
1176 3405 1204 3456 p,

191 3466 270 3505 εστιν.
286 3451 318 3519 V,
337 3469 395 3519 rep.
409 3470 465 3521 mg.
480 3471 515 3507 m.
531 3469 598 3519 τινας
619 3469 671 3506 om.
687 3471 712 3508 ν.
784 3461 826 3510 21.
847 3457 889 3581 Ιή]
908 3454 955 3510 uel
969 3461 998 3510 K
1013 3456 1070 3524 Vv,
1090 3459 1121 3508 H
1137 3454 1205 3512 κέν·
1289 3501 1290 3512 ,

190 3537 256 3584 τρον
274 3537 300 3586 p.
373 3527 415 3575 22.
435 3542 485 3577 -να
503 3521 587 3591 λόγον
607 3521 673 3594 ἔχει]
692 3542 747 3593 vp,
766 3543 846 3581 euan.
888 3541 970 3596 ,rep
985 3543 1041 3596 mg.
1056 3545 1092 3582 m.
1108 3542 1165 3583 rec.
1289 3515 1290 3567 V
