<?xml version="1.0" encoding="UTF-8"?>
<!DOCTYPE html PUBLIC "-//W3C//DTD XHTML 1.0 Transitional//EN"
    "http://www.w3.org/TR/xhtml1/DTD/xhtml1-transitional.dtd">
<html xmlns="http://www.w3.org/1999/xhtml" xml:lang="en" lang="en">
 <head>
  <title>
</title>
<meta http-equiv="Content-Type" content="text/html;charset=utf-8" />
  <meta name='ocr-system' content='tesseract 3.04.00' />
  <meta name='ocr-capabilities' content='ocr_page ocr_carea ocr_par ocr_line ocrx_word'/>
</head>
<body>
  <div class='ocr_page' id='page_1' title='image "./sereniantinoens00heibgoog_0138.png"; bbox 0 0 2488 3938; ppageno 0'>
   <div class='ocr_carea' id='block_1_1' title="bbox 334 171 1061 235">
    <p class='ocr_par' dir='ltr' id='par_1_1' title="bbox 334 171 1061 235">
     <span class='ocr_line' id='line_1_1' title="bbox 334 171 1061 235; baseline 0.018 -13"><span class='ocrx_word' id='word_1_1' title='bbox 334 173 384 223; x_wconf 83' lang='lat' dir='ltr'>nn</span> <span class='ocrx_word' id='word_1_2' title='bbox 403 172 578 224; x_wconf 75' lang='lat' dir='ltr'>sacriora</span> <span class='ocrx_word' id='word_1_3' title='bbox 597 173 776 225; x_wconf 74' lang='lat' dir='ltr'>orimum.</span> <span class='ocrx_word' id='word_1_4' title='bbox 998 171 1061 235; x_wconf 84' lang='lat'>113</span> 
     </span>
    </p>
   </div>
   <div class='ocr_carea' id='block_1_2' title="bbox 61 315 1167 3280">
    <p class='ocr_par' dir='ltr' id='par_1_2' title="bbox 61 315 1167 3280">
     <span class='ocr_line' id='line_1_2' title="bbox 63 315 1062 400; baseline 0.001 -20"><span class='ocrx_word' id='word_1_5' title='bbox 63 317 110 380; x_wconf 89' lang='lat' dir='ltr'>sit</span> <span class='ocrx_word' id='word_1_6' title='bbox 130 317 258 382; x_wconf 83' lang='lat' dir='ltr'>circulus</span> <span class='ocrx_word' id='word_1_7' title='bbox 284 320 325 400; x_wconf 84' lang='lat' dir='ltr'>Z,</span> <span class='ocrx_word' id='word_1_8' title='bbox 354 315 423 380; x_wconf 89' lang='lat' dir='ltr'>axis</span> <span class='ocrx_word' id='word_1_9' title='bbox 448 320 556 380; x_wconf 89' lang='lat' dir='ltr'>autem</span> <span class='ocrx_word' id='word_1_10' title='bbox 581 319 656 398; x_wconf 82' lang='lat' dir='ltr'>ZB,</span> <span class='ocrx_word' id='word_1_11' title='bbox 682 320 715 380; x_wconf 97' lang='lat' dir='ltr'>et</span> <span class='ocrx_word' id='word_1_12' title='bbox 738 339 795 400; x_wconf 88' lang='lat' dir='ltr'>per</span> <span class='ocrx_word' id='word_1_13' title='bbox 818 319 880 380; x_wconf 90' lang='grc' dir='ltr'>ΓΖ</span> <span class='ocrx_word' id='word_1_14' title='bbox 905 338 1062 400; x_wconf 81' lang='lat' dir='ltr'>axemque</span> 
     </span>
     <span class='ocr_line' id='line_1_3' title="bbox 61 421 1062 509; baseline 0.002 -23"><span class='ocrx_word' id='word_1_15' title='bbox 61 423 185 506; x_wconf 86' lang='lat' dir='ltr'>planum</span> <span class='ocrx_word' id='word_1_16' title='bbox 215 424 352 488; x_wconf 86' lang='lat' dir='ltr'>ducatur</span> <span class='ocrx_word' id='word_1_17' title='bbox 382 421 417 486; x_wconf 90' lang='lat' dir='ltr'>in</span> <span class='ocrx_word' id='word_1_18' title='bbox 447 443 529 486; x_wconf 89' lang='lat' dir='ltr'>cono</span> <span class='ocrx_word' id='word_1_19' title='bbox 558 421 701 486; x_wconf 86' lang='lat' dir='ltr'>efficiens</span> <span class='ocrx_word' id='word_1_20' title='bbox 730 425 835 486; x_wconf 81' lang='grc' dir='ltr'>ΒΗΘ</span> <span class='ocrx_word' id='word_1_21' title='bbox 861 422 1062 509; x_wconf 83' lang='lat' dir='ltr'>triangulum</span> 
     </span>
     <span class='ocr_line' id='line_1_4' title="bbox 62 528 1062 614; baseline 0.002 -21"><span class='ocrx_word' id='word_1_22' title='bbox 62 551 118 611; x_wconf 90' lang='lat' dir='ltr'>per</span> <span class='ocrx_word' id='word_1_23' title='bbox 138 551 224 594; x_wconf 83' lang='lat' dir='ltr'>axem</span> <span class='ocrx_word' id='word_1_24' title='bbox 246 529 401 614; x_wconf 87' lang='lat' dir='ltr'>positum,</span> <span class='ocrx_word' id='word_1_25' title='bbox 424 533 456 592; x_wconf 90' lang='lat' dir='ltr'>et</span> <span class='ocrx_word' id='word_1_26' title='bbox 480 529 520 592; x_wconf 91' lang='lat' dir='ltr'>ad</span> <span class='ocrx_word' id='word_1_27' title='bbox 544 531 606 592; x_wconf 88' lang='grc' dir='ltr'>ΓΖ</span> <span class='ocrx_word' id='word_1_28' title='bbox 628 528 900 612; x_wconf 76' lang='lat' dir='ltr'>perpendicularis</span> <span class='ocrx_word' id='word_1_29' title='bbox 924 530 1062 594; x_wconf 87' lang='lat' dir='ltr'>ducatur</span> 
     </span>
     <span class='ocr_line' id='line_1_5' title="bbox 64 634 1062 722; baseline 0.001 -23"><span class='ocrx_word' id='word_1_30' title='bbox 64 639 127 699; x_wconf 88' lang='grc' dir='ltr'>ΓΚ</span> <span class='ocrx_word' id='word_1_31' title='bbox 150 636 183 700; x_wconf 91' lang='lat' dir='ltr'>in</span> <span class='ocrx_word' id='word_1_32' title='bbox 213 636 311 721; x_wconf 91' lang='lat' dir='ltr'>plano</span> <span class='ocrx_word' id='word_1_33' title='bbox 344 634 455 700; x_wconf 88' lang='lat' dir='ltr'>circuli</span> <span class='ocrx_word' id='word_1_34' title='bbox 489 639 517 698; x_wconf 93' lang='lat' dir='ltr'><strong>Z</strong></span> <span class='ocrx_word' id='word_1_35' title='bbox 547 635 668 719; x_wconf 83' lang='lat' dir='ltr'>posita,</span> <span class='ocrx_word' id='word_1_36' title='bbox 699 657 756 722; x_wconf 87' lang='lat' dir='ltr'>per</span> <span class='ocrx_word' id='word_1_37' title='bbox 790 637 856 698; x_wconf 87' lang='grc' dir='ltr'>ΓΚ</span> <span class='ocrx_word' id='word_1_38' title='bbox 886 640 995 700; x_wconf 86' lang='lat' dir='ltr'>autem</span> <span class='ocrx_word' id='word_1_39' title='bbox 1028 641 1062 701; x_wconf 91' lang='lat' dir='ltr'>et</span> 
     </span>
     <span class='ocr_line' id='line_1_6' title="bbox 62 741 1064 826; baseline 0.001 -21"><span class='ocrx_word' id='word_1_40' title='bbox 62 745 220 826; x_wconf 87' lang='lat' dir='ltr'>utramque</span> <span class='ocrx_word' id='word_1_41' title='bbox 250 745 330 825; x_wconf 88' lang='grc' dir='ltr'>ΓΔ,</span> <span class='ocrx_word' id='word_1_42' title='bbox 360 744 423 806; x_wconf 85' lang='grc' dir='ltr'>ΓΕ</span> <span class='ocrx_word' id='word_1_43' title='bbox 452 741 549 824; x_wconf 88' lang='lat' dir='ltr'>plana</span> <span class='ocrx_word' id='word_1_44' title='bbox 581 742 739 806; x_wconf 78' lang='lat' dir='ltr'>ducantur</span> <span class='ocrx_word' id='word_1_45' title='bbox 772 762 888 806; x_wconf 88' lang='lat' dir='ltr'>conum</span> <span class='ocrx_word' id='word_1_46' title='bbox 919 743 1064 806; x_wconf 84' lang='lat' dir='ltr'>secontia</span> 
     </span>
     <span class='ocr_line' id='line_1_7' title="bbox 61 847 1061 933; baseline 0.002 -22"><span class='ocrx_word' id='word_1_47' title='bbox 61 848 258 932; x_wconf 83' lang='lat' dir='ltr'>efficiantque</span> <span class='ocrx_word' id='word_1_48' title='bbox 289 871 347 933; x_wconf 88' lang='lat' dir='ltr'>per</span> <span class='ocrx_word' id='word_1_49' title='bbox 377 847 554 913; x_wconf 75' lang='lat' dir='ltr'>sectionem</span> <span class='ocrx_word' id='word_1_50' title='bbox 585 847 620 911; x_wconf 90' lang='lat' dir='ltr'>in</span> <span class='ocrx_word' id='word_1_51' title='bbox 653 847 820 932; x_wconf 89' lang='lat' dir='ltr'>superficie</span> <span class='ocrx_word' id='word_1_52' title='bbox 853 848 926 913; x_wconf 89' lang='lat' dir='ltr'>coni</span> <span class='ocrx_word' id='word_1_53' title='bbox 958 847 1061 913; x_wconf 88' lang='lat' dir='ltr'>lineas</span> 
     </span>
     <span class='ocr_line' id='line_1_8' title="bbox 64 954 1061 1040; baseline 0 -22"><span class='ocrx_word' id='word_1_54' title='bbox 64 959 180 1040; x_wconf 84' lang='lat' dir='ltr'><em>AAM,</em></span> <span class='ocrx_word' id='word_1_55' title='bbox 203 954 320 1039; x_wconf 77' lang='grc' dir='ltr'>ΝΕΞ,</span> <span class='ocrx_word' id='word_1_56' title='bbox 342 955 377 1019; x_wconf 92' lang='lat' dir='ltr'>iu</span> <span class='ocrx_word' id='word_1_57' title='bbox 399 955 497 1039; x_wconf 91' lang='lat' dir='ltr'>plano</span> <span class='ocrx_word' id='word_1_58' title='bbox 521 958 631 1018; x_wconf 87' lang='lat' dir='ltr'>autem</span> <span class='ocrx_word' id='word_1_59' title='bbox 654 954 810 1040; x_wconf 77' lang='lat' dir='ltr'>trianguli</span> <span class='ocrx_word' id='word_1_60' title='bbox 829 958 933 1019; x_wconf 81' lang='grc' dir='ltr'>ΒΗΘ</span> <span class='ocrx_word' id='word_1_61' title='bbox 955 959 1061 1022; x_wconf 88' lang='lat' dir='ltr'>rectas</span> 
     </span>
     <span class='ocr_line' id='line_1_9' title="bbox 65 1061 1066 1146; baseline 0.002 -21"><span class='ocrx_word' id='word_1_62' title='bbox 65 1065 134 1146; x_wconf 89' lang='grc' dir='ltr'>ΛΓ,</span> <span class='ocrx_word' id='word_1_63' title='bbox 163 1065 245 1142; x_wconf 65' lang='lat' dir='ltr'>Nn</span> <span class='ocrx_word' id='word_1_64' title='bbox 278 1061 426 1126; x_wconf 87' lang='lat' dir='ltr'>diametri</span> <span class='ocrx_word' id='word_1_65' title='bbox 457 1061 559 1146; x_wconf 84' lang='lat' dir='ltr'>igitur</span> <span class='ocrx_word' id='word_1_66' title='bbox 591 1061 770 1126; x_wconf 84' lang='lat' dir='ltr'>sectionum</span> <span class='ocrx_word' id='word_1_67' title='bbox 800 1065 927 1145; x_wconf 85' lang='lat' dir='ltr'><em>AAM,</em></span> <span class='ocrx_word' id='word_1_68' title='bbox 959 1062 1066 1136; x_wconf 77' lang='grc' dir='ltr'>ΝΕΞ</span> 
     </span>
     <span class='ocr_line' id='line_1_10' title="bbox 63 1167 1065 1253; baseline 0.004 -22"><span class='ocrx_word' id='word_1_69' title='bbox 63 1174 130 1232; x_wconf 85' lang='lat' dir='ltr'>sunt</span> <span class='ocrx_word' id='word_1_70' title='bbox 155 1173 263 1234; x_wconf 88' lang='lat' dir='ltr'>rectae</span> <span class='ocrx_word' id='word_1_71' title='bbox 287 1172 375 1252; x_wconf 87' lang='lat' dir='ltr'>AM,</span> <span class='ocrx_word' id='word_1_72' title='bbox 403 1172 442 1233; x_wconf 95' lang='lat' dir='ltr'><em>N</em></span> <span class='ocrx_word' id='word_1_73' title='bbox 444 1167 478 1240; x_wconf 77' lang='grc' dir='ltr'>Ξ.</span> <span class='ocrx_word' id='word_1_74' title='bbox 523 1168 590 1232; x_wconf 93' lang='lat' dir='ltr'>iam</span> <span class='ocrx_word' id='word_1_75' title='bbox 614 1169 654 1232; x_wconf 90' lang='lat' dir='ltr'>ad</span> <span class='ocrx_word' id='word_1_76' title='bbox 677 1168 851 1232; x_wconf 87' lang='lat' dir='ltr'>diametros</span> <span class='ocrx_word' id='word_1_77' title='bbox 876 1171 965 1253; x_wconf 85' lang='lat' dir='ltr'>AM,</span> <span class='ocrx_word' id='word_1_78' title='bbox 993 1175 1031 1235; x_wconf 94' lang='grc' dir='ltr'><strong><em>Ν</em></strong></span> <span class='ocrx_word' id='word_1_79' title='bbox 1034 1169 1065 1242; x_wconf 74' lang='grc' dir='ltr'><em>Ξ</em></span> 
     </span>
     <span class='ocr_line' id='line_1_11' title="bbox 64 1275 1062 1358; baseline 0.004 -22"><span class='ocrx_word' id='word_1_80' title='bbox 64 1276 200 1340; x_wconf 85' lang='lat' dir='ltr'>ordinate</span> <span class='ocrx_word' id='word_1_81' title='bbox 220 1276 378 1340; x_wconf 86' lang='lat' dir='ltr'>ducantur</span> <span class='ocrx_word' id='word_1_82' title='bbox 391 1280 425 1339; x_wconf 98' lang='lat' dir='ltr'><em>A</em></span> <span class='ocrx_word' id='word_1_83' title='bbox 432 1279 474 1357; x_wconf 92' lang='lat'>0,</span> <span class='ocrx_word' id='word_1_84' title='bbox 488 1279 562 1338; x_wconf 90' lang='grc' dir='ltr'>ΕΠ</span> <span class='ocrx_word' id='word_1_85' title='bbox 575 1275 856 1358; x_wconf 88' lang='lat' dir='ltr'>producanturque</span> <span class='ocrx_word' id='word_1_86' title='bbox 872 1276 913 1340; x_wconf 86' lang='lat' dir='ltr'>ad</span> <span class='ocrx_word' id='word_1_87' title='bbox 927 1276 1062 1341; x_wconf 84' lang='lat' dir='ltr'>alteram</span> 
     </span>
     <span class='ocr_line' id='line_1_12' title="bbox 63 1380 1062 1468; baseline 0.005 -24"><span class='ocrx_word' id='word_1_88' title='bbox 63 1387 179 1464; x_wconf 84' lang='lat' dir='ltr'>partem</span> <span class='ocrx_word' id='word_1_89' title='bbox 198 1380 379 1467; x_wconf 86' lang='lat' dir='ltr'>superficiei</span> <span class='ocrx_word' id='word_1_90' title='bbox 398 1382 439 1445; x_wconf 85' lang='lat' dir='ltr'>ad</span> <span class='ocrx_word' id='word_1_91' title='bbox 457 1386 498 1463; x_wconf 92' lang='grc' dir='ltr'>Ρ,</span> <span class='ocrx_word' id='word_1_92' title='bbox 517 1385 557 1446; x_wconf 90' lang='grc' dir='ltr'>Σ.</span> <span class='ocrx_word' id='word_1_93' title='bbox 595 1381 748 1464; x_wconf 91' lang='lat' dir='ltr'>quoniam</span> <span class='ocrx_word' id='word_1_94' title='bbox 767 1381 869 1468; x_wconf 84' lang='lat' dir='ltr'>igitur</span> <span class='ocrx_word' id='word_1_95' title='bbox 887 1387 977 1448; x_wconf 85' lang='lat' dir='ltr'>recta</span> <span class='ocrx_word' id='word_1_96' title='bbox 996 1387 1062 1448; x_wconf 86' lang='grc' dir='ltr'>ΓΛ</span> 
     </span>
     <span class='ocr_line' id='line_1_13' title="bbox 66 1486 1064 1572; baseline 0.006 -23"><span class='ocrx_word' id='word_1_97' title='bbox 66 1488 175 1554; x_wconf 86' lang='lat' dir='ltr'>lineam</span> <span class='ocrx_word' id='word_1_98' title='bbox 192 1493 305 1554; x_wconf 90' lang='lat' dir='ltr'>AAM</span> <span class='ocrx_word' id='word_1_99' title='bbox 321 1489 355 1552; x_wconf 92' lang='lat' dir='ltr'>in</span> <span class='ocrx_word' id='word_1_100' title='bbox 369 1492 489 1572; x_wconf 89' lang='lat' dir='ltr'>puncto</span> <span class='ocrx_word' id='word_1_101' title='bbox 503 1493 537 1552; x_wconf 98' lang='lat' dir='ltr'><em>A</em></span> <span class='ocrx_word' id='word_1_102' title='bbox 551 1486 722 1572; x_wconf 81' lang='lat' dir='ltr'>contingit,</span> <span class='ocrx_word' id='word_1_103' title='bbox 742 1487 950 1570; x_wconf 88' lang='lat' dir='ltr'>ordinateque</span> <span class='ocrx_word' id='word_1_104' title='bbox 965 1490 1064 1555; x_wconf 89' lang='lat' dir='ltr'>ducta</span> 
     </span>
     <span class='ocr_line' id='line_1_14' title="bbox 65 1593 1062 1681; baseline 0.003 -24"><span class='ocrx_word' id='word_1_105' title='bbox 65 1600 109 1658; x_wconf 90' lang='lat' dir='ltr'>est</span> <span class='ocrx_word' id='word_1_106' title='bbox 129 1602 210 1680; x_wconf 87' lang='lat' dir='ltr'>Ao,</span> <span class='ocrx_word' id='word_1_107' title='bbox 233 1596 296 1660; x_wconf 89' lang='lat' dir='ltr'>erit</span> <span class='ocrx_word' id='word_1_108' title='bbox 320 1598 405 1659; x_wconf 84' lang='lat' dir='ltr'>AI&#39;:</span> <span class='ocrx_word' id='word_1_109' title='bbox 422 1598 498 1660; x_wconf 90' lang='grc' dir='ltr'>ΓΜ</span> <span class='ocrx_word' id='word_1_110' title='bbox 507 1625 549 1648; x_wconf 89' lang='lat'>=</span> <span class='ocrx_word' id='word_1_111' title='bbox 564 1599 631 1659; x_wconf 87' lang='lat' dir='ltr'>AO</span> <span class='ocrx_word' id='word_1_112' title='bbox 645 1617 652 1658; x_wconf 92' lang='lat'><strong>:</strong></span> <span class='ocrx_word' id='word_1_113' title='bbox 668 1598 743 1659; x_wconf 91' lang='lat' dir='ltr'>OM</span> <span class='ocrx_word' id='word_1_114' title='bbox 760 1593 927 1678; x_wconf 81' lang='lat' dir='ltr'>[Apollon.</span> <span class='ocrx_word' id='word_1_115' title='bbox 946 1595 969 1678; x_wconf 85' lang='lat' dir='ltr'>l,</span> <span class='ocrx_word' id='word_1_116' title='bbox 989 1596 1062 1681; x_wconf 78' lang='lat'><strong>36];</strong></span> 
     </span>
     <span class='ocr_line' id='line_1_15' title="bbox 64 1699 1062 1780; baseline 0.001 -16"><span class='ocrx_word' id='word_1_117' title='bbox 64 1707 93 1764; x_wconf 86' lang='lat' dir='ltr'>et</span> <span class='ocrx_word' id='word_1_118' title='bbox 133 1704 244 1768; x_wconf 85' lang='lat' dir='ltr'>eadem</span> <span class='ocrx_word' id='word_1_119' title='bbox 285 1703 323 1766; x_wconf 89' lang='lat' dir='ltr'>de</span> <span class='ocrx_word' id='word_1_120' title='bbox 365 1724 462 1767; x_wconf 88' lang='lat' dir='ltr'>causa</span> <span class='ocrx_word' id='word_1_121' title='bbox 503 1701 565 1766; x_wconf 86' lang='lat' dir='ltr'>erit</span> <span class='ocrx_word' id='word_1_122' title='bbox 605 1699 1062 1780; x_wconf 64' lang='lat' dir='ltr'>NF:FE=NH:HE;</span> 
     </span>
     <span class='ocr_line' id='line_1_16' title="bbox 62 1807 1109 1896; baseline 0.002 -26"><span class='ocrx_word' id='word_1_123' title='bbox 62 1807 163 1892; x_wconf 85' lang='lat' dir='ltr'>itaque</span> <span class='ocrx_word' id='word_1_124' title='bbox 207 1813 341 1896; x_wconf 88' lang='lat' dir='ltr'>propter</span> <span class='ocrx_word' id='word_1_125' title='bbox 386 1807 644 1894; x_wconf 84' lang='lat' dir='ltr'>propositionem</span> <span class='ocrx_word' id='word_1_126' title='bbox 689 1808 933 1891; x_wconf 88' lang='lat' dir='ltr'>praecedentem</span> <span class='ocrx_word' id='word_1_127' title='bbox 973 1812 1064 1873; x_wconf 86' lang='lat' dir='ltr'>recta</span> <span class='ocrx_word' id='word_1_128' title='bbox 1107 1887 1109 1892; x_wconf 21' lang='grc' dir='ltr'>Ι</span> 
     </span>
     <span class='ocr_line' id='line_1_17' title="bbox 63 1913 1062 2001; baseline -0.001 -22"><span class='ocrx_word' id='word_1_129' title='bbox 63 1920 173 1996; x_wconf 85' lang='lat' dir='ltr'>puncta</span> <span class='ocrx_word' id='word_1_130' title='bbox 191 1922 228 2000; x_wconf 91' lang='grc'>0,</span> <span class='ocrx_word' id='word_1_131' title='bbox 248 1922 286 1981; x_wconf 93' lang='grc' dir='ltr'><em>Π</em></span> <span class='ocrx_word' id='word_1_132' title='bbox 301 1915 499 2001; x_wconf 83' lang='lat' dir='ltr'>coniungens</span> <span class='ocrx_word' id='word_1_133' title='bbox 517 1916 676 2000; x_wconf 88' lang='lat' dir='ltr'>producta</span> <span class='ocrx_word' id='word_1_134' title='bbox 693 1937 751 1998; x_wconf 89' lang='lat' dir='ltr'>per</span> <span class='ocrx_word' id='word_1_135' title='bbox 769 1913 926 1989; x_wconf 82' lang='lat' dir='ltr'>uerticem</span> <span class='ocrx_word' id='word_1_136' title='bbox 943 1914 1062 1980; x_wconf 85' lang='lat' dir='ltr'>ueniet.</span> 
     </span>
     <span class='ocr_line' id='line_1_18' title="bbox 64 2020 1067 2108; baseline 0.004 -25"><span class='ocrx_word' id='word_1_137' title='bbox 64 2020 189 2088; x_wconf 82' lang='lat' dir='ltr'>ducatur</span> <span class='ocrx_word' id='word_1_138' title='bbox 215 2023 319 2108; x_wconf 85' lang='lat' dir='ltr'>igitur</span> <span class='ocrx_word' id='word_1_139' title='bbox 344 2026 453 2087; x_wconf 91' lang='grc' dir='ltr'>ΟΠΒ.</span> <span class='ocrx_word' id='word_1_140' title='bbox 499 2025 532 2085; x_wconf 88' lang='lat' dir='ltr'>et</span> <span class='ocrx_word' id='word_1_141' title='bbox 559 2020 711 2106; x_wconf 90' lang='lat' dir='ltr'>quoniam</span> <span class='ocrx_word' id='word_1_142' title='bbox 734 2025 870 2106; x_wconf 88' lang='lat' dir='ltr'>utraque</span> <span class='ocrx_word' id='word_1_143' title='bbox 894 2027 974 2106; x_wconf 85' lang='grc' dir='ltr'>ΒΣ,</span> <span class='ocrx_word' id='word_1_144' title='bbox 997 2027 1067 2087; x_wconf 95' lang='lat' dir='ltr'>AP</span> 
     </span>
     <span class='ocr_line' id='line_1_19' title="bbox 63 2127 1062 2213; baseline 0.007 -25"><span class='ocrx_word' id='word_1_145' title='bbox 63 2131 159 2192; x_wconf 85' lang='lat' dir='ltr'>rectae</span> <span class='ocrx_word' id='word_1_146' title='bbox 179 2131 246 2194; x_wconf 86' lang='grc' dir='ltr'>ΓΚ</span> <span class='ocrx_word' id='word_1_147' title='bbox 264 2128 419 2211; x_wconf 89' lang='lat' dir='ltr'>parallela</span> <span class='ocrx_word' id='word_1_148' title='bbox 438 2132 496 2213; x_wconf 86' lang='lat' dir='ltr'>est,</span> <span class='ocrx_word' id='word_1_149' title='bbox 514 2131 582 2191; x_wconf 94' lang='lat' dir='ltr'>AP</span> <span class='ocrx_word' id='word_1_150' title='bbox 597 2132 629 2192; x_wconf 89' lang='lat' dir='ltr'>et</span> <span class='ocrx_word' id='word_1_151' title='bbox 648 2131 717 2191; x_wconf 86' lang='grc' dir='ltr'>ΕΣ</span> <span class='ocrx_word' id='word_1_152' title='bbox 731 2127 817 2191; x_wconf 88' lang='lat' dir='ltr'>inter</span> <span class='ocrx_word' id='word_1_153' title='bbox 836 2149 869 2192; x_wconf 88' lang='lat' dir='ltr'>se</span> <span class='ocrx_word' id='word_1_154' title='bbox 888 2129 1062 2213; x_wconf 84' lang='lat' dir='ltr'>parallelae</span> 
     </span>
     <span class='ocr_line' id='line_1_20' title="bbox 63 2233 1167 2320; baseline 0.005 -24"><span class='ocrx_word' id='word_1_155' title='bbox 63 2238 132 2298; x_wconf 87' lang='lat' dir='ltr'>sunt</span> <span class='ocrx_word' id='word_1_156' title='bbox 153 2235 258 2319; x_wconf 81' lang='lat' dir='ltr'>[Eucl.</span> <span class='ocrx_word' id='word_1_157' title='bbox 281 2233 342 2320; x_wconf 87' lang='lat' dir='ltr'>XI,</span> <span class='ocrx_word' id='word_1_158' title='bbox 365 2234 400 2318; x_wconf 84' lang='grc'>9]</span> <span class='ocrx_word' id='word_1_159' title='bbox 429 2238 462 2298; x_wconf 92' lang='lat' dir='ltr'>et</span> <span class='ocrx_word' id='word_1_160' title='bbox 488 2234 524 2297; x_wconf 92' lang='lat' dir='ltr'>in</span> <span class='ocrx_word' id='word_1_161' title='bbox 550 2255 614 2298; x_wconf 91' lang='lat' dir='ltr'>uno</span> <span class='ocrx_word' id='word_1_162' title='bbox 643 2234 740 2318; x_wconf 85' lang='lat' dir='ltr'>plano</span> <span class='ocrx_word' id='word_1_163' title='bbox 770 2234 904 2318; x_wconf 88' lang='lat' dir='ltr'>positae.</span> <span class='ocrx_word' id='word_1_164' title='bbox 949 2235 1060 2319; x_wconf 88' lang='lat' dir='ltr'>itaque</span> <span class='ocrx_word' id='word_1_165' title='bbox 1164 2267 1167 2275; x_wconf 92' lang='lat'>·</span> 
     </span>
     <span class='ocr_line' id='line_1_21' title="bbox 63 2340 1062 2426; baseline 0.004 -24"><span class='ocrx_word' id='word_1_166' title='bbox 63 2340 184 2422; x_wconf 87' lang='lat' dir='ltr'>planum</span> <span class='ocrx_word' id='word_1_167' title='bbox 211 2363 270 2426; x_wconf 87' lang='lat' dir='ltr'>per</span> <span class='ocrx_word' id='word_1_168' title='bbox 293 2345 398 2406; x_wconf 88' lang='grc' dir='ltr'>ΒΠΟ</span> <span class='ocrx_word' id='word_1_169' title='bbox 425 2345 458 2405; x_wconf 89' lang='lat' dir='ltr'>et</span> <span class='ocrx_word' id='word_1_170' title='bbox 480 2345 562 2423; x_wconf 90' lang='grc' dir='ltr'>ΕΣ,</span> <span class='ocrx_word' id='word_1_171' title='bbox 589 2344 658 2404; x_wconf 94' lang='lat' dir='ltr'>AP</span> <span class='ocrx_word' id='word_1_172' title='bbox 676 2341 869 2425; x_wconf 87' lang='lat' dir='ltr'>productum</span> <span class='ocrx_word' id='word_1_173' title='bbox 892 2341 928 2405; x_wconf 90' lang='lat' dir='ltr'>in</span> <span class='ocrx_word' id='word_1_174' title='bbox 950 2364 1062 2424; x_wconf 87' lang='lat' dir='ltr'>super-</span> 
     </span>
     <span class='ocr_line' id='line_1_22' title="bbox 63 2445 1062 2532; baseline 0.004 -24"><span class='ocrx_word' id='word_1_175' title='bbox 63 2445 126 2511; x_wconf 88' lang='lat' dir='ltr'>ficie</span> <span class='ocrx_word' id='word_1_176' title='bbox 148 2449 219 2513; x_wconf 88' lang='lat' dir='ltr'>coni</span> <span class='ocrx_word' id='word_1_177' title='bbox 241 2447 418 2512; x_wconf 87' lang='lat' dir='ltr'>sectionem</span> <span class='ocrx_word' id='word_1_178' title='bbox 436 2446 555 2512; x_wconf 85' lang='lat' dir='ltr'>efficiet</span> <span class='ocrx_word' id='word_1_179' title='bbox 574 2445 774 2532; x_wconf 85' lang='lat' dir='ltr'>triangulum</span> <span class='ocrx_word' id='word_1_180' title='bbox 794 2445 1062 2532; x_wconf 81' lang='lat' dir='ltr'>[Apollon.1‚a];</span> 
     </span>
     <span class='ocr_line' id='line_1_23' title="bbox 63 2553 1062 2640; baseline 0.004 -24"><span class='ocrx_word' id='word_1_181' title='bbox 63 2559 172 2634; x_wconf 85' lang='lat' dir='ltr'>puncta</span> <span class='ocrx_word' id='word_1_182' title='bbox 193 2554 297 2640; x_wconf 84' lang='lat' dir='ltr'>igitur</span> <span class='ocrx_word' id='word_1_183' title='bbox 316 2558 356 2636; x_wconf 87' lang='grc' dir='ltr'>Ε,</span> <span class='ocrx_word' id='word_1_184' title='bbox 374 2560 408 2619; x_wconf 99' lang='lat' dir='ltr'><em>A</em></span> <span class='ocrx_word' id='word_1_185' title='bbox 429 2554 465 2617; x_wconf 92' lang='lat' dir='ltr'>in</span> <span class='ocrx_word' id='word_1_186' title='bbox 488 2553 656 2637; x_wconf 88' lang='lat' dir='ltr'>superficie</span> <span class='ocrx_word' id='word_1_187' title='bbox 681 2553 754 2617; x_wconf 88' lang='lat' dir='ltr'>coni</span> <span class='ocrx_word' id='word_1_188' title='bbox 776 2553 884 2637; x_wconf 89' lang='lat' dir='ltr'>posita</span> <span class='ocrx_word' id='word_1_189' title='bbox 906 2553 941 2618; x_wconf 89' lang='lat' dir='ltr'>in</span> <span class='ocrx_word' id='word_1_190' title='bbox 959 2553 1062 2620; x_wconf 86' lang='lat' dir='ltr'>latere</span> 
     </span>
     <span class='ocr_line' id='line_1_24' title="bbox 64 2660 1062 2748; baseline 0.008 -28"><span class='ocrx_word' id='word_1_191' title='bbox 64 2665 131 2724; x_wconf 86' lang='lat' dir='ltr'>sunt</span> <span class='ocrx_word' id='word_1_192' title='bbox 165 2661 322 2748; x_wconf 78' lang='lat' dir='ltr'>trianguli</span> <span class='ocrx_word' id='word_1_193' title='bbox 358 2660 558 2746; x_wconf 83' lang='lat' dir='ltr'>triangulum</span> <span class='ocrx_word' id='word_1_194' title='bbox 591 2663 696 2725; x_wconf 83' lang='grc' dir='ltr'>ΒΗΘ</span> <span class='ocrx_word' id='word_1_195' title='bbox 732 2661 907 2725; x_wconf 88' lang='lat' dir='ltr'>secundum</span> <span class='ocrx_word' id='word_1_196' title='bbox 938 2667 1062 2728; x_wconf 87' lang='lat' dir='ltr'>rectam</span> 
     </span>
     <span class='ocr_line' id='line_1_25' title="bbox 64 2767 1062 2835; baseline 0.007 -7"><span class='ocrx_word' id='word_1_197' title='bbox 64 2767 155 2832; x_wconf 85' lang='grc' dir='ltr'>ΒΗΘ</span> <span class='ocrx_word' id='word_1_198' title='bbox 195 2768 344 2834; x_wconf 87' lang='lat' dir='ltr'>secantis.</span> <span class='ocrx_word' id='word_1_199' title='bbox 404 2768 516 2832; x_wconf 89' lang='lat' dir='ltr'>eodem</span> <span class='ocrx_word' id='word_1_200' title='bbox 557 2772 667 2832; x_wconf 90' lang='lat' dir='ltr'>autem</span> <span class='ocrx_word' id='word_1_201' title='bbox 705 2767 801 2832; x_wconf 91' lang='lat' dir='ltr'>modo</span> <span class='ocrx_word' id='word_1_202' title='bbox 838 2767 873 2832; x_wconf 93' lang='lat' dir='ltr'>in</span> <span class='ocrx_word' id='word_1_203' title='bbox 910 2769 1062 2835; x_wconf 88' lang='lat' dir='ltr'>omnibus</span> 
     </span>
     <span class='ocr_line' id='line_1_26' title="bbox 63 2873 1062 2962; baseline 0.007 -28"><span class='ocrx_word' id='word_1_204' title='bbox 63 2874 315 2962; x_wconf 83' lang='lat' dir='ltr'>contingentibus</span> <span class='ocrx_word' id='word_1_205' title='bbox 343 2874 429 2938; x_wconf 89' lang='lat' dir='ltr'>idem</span> <span class='ocrx_word' id='word_1_206' title='bbox 456 2874 585 2939; x_wconf 89' lang='lat' dir='ltr'>euenire</span> <span class='ocrx_word' id='word_1_207' title='bbox 614 2873 868 2958; x_wconf 85' lang='lat' dir='ltr'>demonstratur,</span> <span class='ocrx_word' id='word_1_208' title='bbox 900 2876 999 2940; x_wconf 88' lang='lat' dir='ltr'>etiam</span> <span class='ocrx_word' id='word_1_209' title='bbox 1025 2877 1062 2941; x_wconf 90' lang='lat' dir='ltr'>in</span> 
     </span>
     <span class='ocr_line' id='line_1_27' title="bbox 63 2980 1062 3066; baseline 0.007 -27"><span class='ocrx_word' id='word_1_210' title='bbox 63 2981 148 3046; x_wconf 83' lang='lat' dir='ltr'>rectis</span> <span class='ocrx_word' id='word_1_211' title='bbox 175 2981 211 3046; x_wconf 91' lang='lat' dir='ltr'>in</span> <span class='ocrx_word' id='word_1_212' title='bbox 234 2986 274 3065; x_wconf 92' lang='grc' dir='ltr'>Ρ,</span> <span class='ocrx_word' id='word_1_213' title='bbox 302 2985 337 3045; x_wconf 88' lang='grc' dir='ltr'><strong><em>Σ</em></strong></span> <span class='ocrx_word' id='word_1_214' title='bbox 357 2980 630 3066; x_wconf 82' lang='lat' dir='ltr'>contingentibus.</span> <span class='ocrx_word' id='word_1_215' title='bbox 676 3001 753 3065; x_wconf 85' lang='lat' dir='ltr'>ergo</span> <span class='ocrx_word' id='word_1_216' title='bbox 777 3002 888 3046; x_wconf 90' lang='lat' dir='ltr'>omnes</span> <span class='ocrx_word' id='word_1_217' title='bbox 911 2987 1017 3048; x_wconf 86' lang='lat' dir='ltr'>rectae</span> <span class='ocrx_word' id='word_1_218' title='bbox 1041 3006 1062 3046; x_wconf 87' lang='lat' dir='ltr'>a</span> 
     </span>
     <span class='ocr_line' id='line_1_28' title="bbox 65 3086 1061 3174; baseline 0.007 -27"><span class='ocrx_word' id='word_1_219' title='bbox 65 3087 92 3147; x_wconf 90' lang='grc' dir='ltr'><strong><em>Γ</em></strong></span> <span class='ocrx_word' id='word_1_220' title='bbox 115 3087 314 3174; x_wconf 86' lang='lat' dir='ltr'>superficiem</span> <span class='ocrx_word' id='word_1_221' title='bbox 347 3086 493 3152; x_wconf 87' lang='lat' dir='ltr'>conicam</span> <span class='ocrx_word' id='word_1_222' title='bbox 521 3087 745 3173; x_wconf 85' lang='lat' dir='ltr'>contingentes</span> <span class='ocrx_word' id='word_1_223' title='bbox 772 3087 807 3151; x_wconf 90' lang='lat' dir='ltr'>in</span> <span class='ocrx_word' id='word_1_224' title='bbox 834 3086 936 3152; x_wconf 88' lang='lat' dir='ltr'>latera</span> <span class='ocrx_word' id='word_1_225' title='bbox 963 3089 1061 3154; x_wconf 90' lang='lat' dir='ltr'>unius</span> 
     </span>
     <span class='ocr_line' id='line_1_29' title="bbox 64 3192 881 3280; baseline 0.005 -26"><span class='ocrx_word' id='word_1_226' title='bbox 64 3192 206 3280; x_wconf 80' lang='lat' dir='ltr'>trianguli</span> <span class='ocrx_word' id='word_1_227' title='bbox 230 3193 363 3272; x_wconf 87' lang='lat' dir='ltr'>cadunt;</span> <span class='ocrx_word' id='word_1_228' title='bbox 386 3195 472 3276; x_wconf 91' lang='lat' dir='ltr'>quod</span> <span class='ocrx_word' id='word_1_229' title='bbox 495 3198 565 3258; x_wconf 89' lang='lat' dir='ltr'>erat</span> <span class='ocrx_word' id='word_1_230' title='bbox 588 3193 881 3259; x_wconf 88' lang='lat' dir='ltr'>demonstrandum.</span> 
     </span>
    </p>
   </div>
   <div class='ocr_carea' id='block_1_3' title="bbox 106 3621 898 3678">
    <p class='ocr_par' dir='ltr' id='par_1_3' title="bbox 106 3621 898 3678">
     <span class='ocr_line' id='line_1_30' title="bbox 106 3621 898 3678; baseline 0.003 -10"><span class='ocrx_word' id='word_1_231' title='bbox 106 3627 225 3670; x_wconf 78' lang='lat' dir='ltr'>Serenus</span> <span class='ocrx_word' id='word_1_232' title='bbox 240 3628 444 3678; x_wconf 80' lang='lat' dir='ltr'>Antinoensio,</span> <span class='ocrx_word' id='word_1_233' title='bbox 459 3628 493 3668; x_wconf 81' lang='lat' dir='ltr'>ed.</span> <span class='ocrx_word' id='word_1_234' title='bbox 508 3628 617 3678; x_wconf 75' lang='lat' dir='ltr'>Helberg.</span> <span class='ocrx_word' id='word_1_235' title='bbox 882 3621 898 3670; x_wconf 87' lang='lat'>8</span> 
     </span>
    </p>
   </div>
   <div class='ocr_carea' id='block_1_4' title="bbox 0 0 1248 3938">
    <p class='ocr_par' dir='ltr' id='par_1_4' title="bbox 0 0 1248 3938">
     <span class='ocr_line' id='line_1_31' title="bbox 0 0 1248 3938; baseline 0 0"><span class='ocrx_word' id='word_1_236' title='bbox 0 0 1248 3938; x_wconf 95' lang='lat' dir='ltr'> </span> 
     </span>
    </p>
   </div>
  </div>
 </body>
</html>
