2504 3928
171 148 236 211 202
485 149 573 199 ΠΕΡΙ
590 148 719 200 mor
739 148 875 199 ΤοιιΗΣ.

171 315 262 373 γωνα
289 300 407 376 συστῆ,
435 288 488 375 ἐφ’
518 290 535 355 ὃ
564 289 662 375 μέρος
688 292 864 376 προσνεύει
887 290 905 356 6
929 289 1033 373 ἄξων,
1059 299 1129 353 τῶν
1151 284 1184 350 δέ
1228 268 1229 291 ¹

170 395 357 482 γενομένων
387 401 566 462 ἰσοσκελῶν
595 399 632 462 ἓν
662 397 776 463 ὁτιοῦν
808 404 881 462 ίσον
910 391 931 484 ᾖ
961 405 1007 484 τῳ
1038 396 1100 460 διὰ
1131 403 1186 458 τοῦ

170 503 287 582 ἄξονος
319 507 493 587 ι’σοσκελεί,
526 505 543 571 6
574 503 662 582 ἄξων
688 513 748 569 τοῦ
775 506 886 570 κώνου
915 504 1069 570 ἐλάσσων
1098 504 1186 566 ἔσται
1236 558 1238 620 ,

170 621 227 695 τῆς
250 610 285 676 έκ
307 620 367 675 τοῦ
390 608 530 696 κέντρου
552 621 611 694 τῆς
633 610 768 694 βᾶσεως.

135 734 151 782 5
237 721 319 783 ἔστω
342 729 449 794 κῶνος
470 721 643 801 σκαληνός,
667 714 707 784 οὗ
729 719 861 802 κορυῳῆ
884 715 945 803 μὲν
968 720 1005 783 τὸ
1029 724 1076 801 Α,
1101 713 1189 792 ἄξων

171 823 207 890 δὲ
229 825 247 891 6
271 829 337 890 AB
360 825 469 890 νεύων
492 823 545 889 ἐπὶ
568 825 607 888 τδι
630 833 690 889 τοῦ
713 830 746 888 Δ
768 824 863 910 μέρη,
886 824 983 908 ῥύσις
1007 822 1044 890 δὲ
1070 823 1089 890 6
1114 817 1189 904 περὶ

170 934 207 996 τὸ
231 936 260 996 Β
282 930 435 1017 κέντρον,
460 940 519 996 τοῦ
547 928 583 996 δὲ
605 933 689 1017 πρὸς
711 932 818 1016 ὀρθὰς
839 941 885 1019 τῳ
908 933 1018 1019 κύκλῳ
1042 930 1106 996 διὰ
1129 935 1187 992 τοῦ

171 1036 287 1115 ἄξονος
319 1035 482 1121 ἀγομένου
513 1039 679 1121 τριγώνου
711 1037 807 1120 βᾶσις
834 1041 916 1103 έστω
944 1038 964 1121 6
994 1041 1114 1120 ΓΒΛ,
1150 1043 1188 1117 τῆ

171 1143 208 1210 δὲ
222 1148 288 1210 ΓΔ
305 1145 388 1228 πρὸς
406 1144 512 1229 ὀρθδις
530 1146 690 1228 ἤχθωσαν
708 1143 744 1209 έν
763 1154 808 1232 τῷ
826 1145 936 1232 κύκλῳ
956 1146 993 1210 αλ
1010 1149 1088 1229 ΒΖ,
1107 1143 1185 1220 ΕΗ,

119 1267 151 1316 10
171 1250 225 1316 καὶ
248 1250 430 1334 ἐπεζεύχθω
454 1250 474 1334 6
496 1256 572 1334 AB,
594 1250 650 1316 καὶ
672 1251 862 1317 ὑποκείσθω
886 1261 931 1340 τῷ
955 1253 1012 1317 διδ
1035 1261 1097 1334 τῆς
1121 1251 1186 1312 ΑΒ

170 1356 225 1422 καλ
247 1367 305 1440 τῆς
323 1358 441 1441 διπλῆς
460 1367 518 1441 τῆς
536 1362 600 1422 ΒΖ
617 1357 767 1446 ἀγομένῳ
787 1360 949 1446 τριγώνῳ,
967 1356 1122 1423 τουτέστι
1140 1361 1184 1440 τῳ

171 1466 227 1528 διὰ
246 1473 305 1528 τοῦ
323 1463 441 1542 ἄξονος
455 1467 625 1548 ίσοσκελεί,
643 1467 679 1530 τὸ
699 1465 756 1529 διδ
770 1473 827 1548 τῆς
841 1469 908 1530 ΕΑ
921 1464 977 1529 καὶ
992 1474 1050 1549 τῆς
1065 1465 1185 1543 διπλῆς
1242 1451 1243 1474 ’

169 1580 227 1655 τῆς
249 1575 323 1636 ΕΗ
347 1570 509 1655 ἄγόμευον
537 1568 702 1648 ἰσοσκελές
730 1578 803 1636 ίσον
826 1567 921 1637 εἶναι.
967 1569 1066 1655 λέγω,
1091 1565 1181 1636 ὄτιὸ

171 1682 237 1742 BA
259 1677 347 1754 ἄξων
370 1677 514 1742 έλᾶττων
537 1676 606 1742 ἐστὶ
629 1687 686 1761 τῆς
709 1677 745 1743 ἐκ
766 1687 827 1743 τοῦ
850 1677 998 1763 κέντρου.
1243 1673 1244 1676 “

117 1800 150 1849 15
235 1783 304 1849 ἐπεὶ
340 1784 360 1868 6
391 1784 457 1849 ὑπὸ
490 1788 593 1848 ABE
623 1787 728 1866 γωνία
767 1784 910 1850 έλᾶττων
942 1784 1034 1850 ἐστὶν
1066 1786 1180 1871 ὀρθῆς,
1244 1855 1245 1872 ,

170 1893 264 1974 ῆχθω
288 1890 325 1956 έν
347 1901 393 1978 τῷ
415 1899 475 1955 τοῦ
498 1895 601 1955 ΑΒΕ
622 1889 765 1979 ἐπιπέδῳ
789 1901 828 1976 τῆ
848 1895 912 1956 ΓΔ
933 1893 1017 1977 πρὸς
1036 1882 1178 1977 ὀρθᾶςὴ

169 2001 243 2061 ΒΘ.
297 1995 351 2061 καλ
384 1995 454 2062 ἐπεὶ
480 2001 599 2082 μείζων
630 1995 650 2080 6
684 2002 751 2062 ΕΑ
779 2008 837 2081 τῆς
867 2002 932 2063 ΑΒ
962 1999 1018 2063 διὰ
1048 1999 1087 2063 τὸ
1116 1994 1177 2078 πρὸ
1245 2080 1246 2094 χ

169 2103 300 2186 τούτου,
323 2101 342 2185 6
367 2106 431 2187 ἄρα
453 2103 518 2168 ὑπὸ
537 2108 639 2168 ΒΕΑ
661 2108 766 2186 γωνία
790 2104 934 2169 ε’λᾶττωυ
957 2102 1048 2169 ἐστὶν
1066 2105 1176 2190 ὀρθῆς.

170 2210 258 2296 ὀρθὴ
286 2206 323 2274 δὲ
350 2207 369 2292 6
398 2209 463 2275 ὑπὸ
494 2215 607 2275 ΘΒΕ·
636 2212 674 2275 αλ
698 2213 762 2296 ἄρα
788 2215 864 2294 ΘΒ,
887 2215 954 2275 ΕΑ
977 2210 1108 2276 εὐθεῖαι
1130 2208 1176 2274 ἐκ·

117 2334 152 2384 20
170 2320 370 2402 βαλλόμεναι
393 2327 648 2401 συμπεσοῦνται.
689 2316 962 2402 συμπιπτέτωσαν
984 2319 1067 2382 κατὰ
1085 2319 1121 2383 τὸ
1142 2318 1175 2378 Ε.

171 2423 240 2490 ἐπεὶ
268 2421 330 2491 οὖν
357 2425 394 2489 τὸ
421 2421 482 2508 μὲν
510 2425 566 2488 διὰ
594 2432 653 2487 τοῦ
681 2423 798 2501 ἄξονος
825 2420 989 2500 ἰσοσκελές
1015 2430 1089 2488 ἴσον
1112 2416 1175 2487 ἐστὶ

171 2542 217 2619 τῷ
240 2531 304 2596 ὑπὸ
329 2534 411 2613 ΑΒ,
436 2534 512 2613 ΒΖ,
540 2531 577 2594 τὸ
601 2526 637 2594 δὲ
661 2530 717 2594 διὰ
739 2539 797 2611 τῆς
819 2533 887 2594 ΑΕ
907 2527 963 2593 καὶ
985 2538 1043 2613 τῆς
1065 2530 1177 2609 διπλῆς

171 2647 228 2720 τῆς
259 2641 333 2701 ΕΗ
357 2634 521 2712 ἰσοσκελὲς
549 2642 623 2701 ἴσον
650 2634 718 2700 ἐστὶ
745 2646 790 2724 τῷ
818 2636 883 2701 ὑπὸ
911 2640 991 2718 ΑΕ,
1015 2640 1098 2719 ΕΗ,
1124 2633 1177 2699 καί

172 2743 261 2807 ἐστιν
286 2749 339 2806 ἴσα
362 2741 516 2824 ἄλλῆλοις
538 2743 577 2806 τὰ
601 2745 762 2826 ίσοσκελῆ,
786 2741 841 2807 καλ
864 2744 901 2808 τὸ
924 2742 989 2807 ὑπὸ
1013 2747 1093 2825 ΑΒ,
1116 2743 1173 2805 ΒΖ

118 2867 151 2916 25
171 2851 235 2930 ἄρα
258 2854 332 2914 ἴσον
355 2847 424 2913 ἐστὶ
447 2857 492 2936 τῳ
515 2849 580 2914 ὑπὸ
603 2854 683 2932 ΑΕ,
707 2853 791 2914 ΕΗ·
815 2849 860 2925 ώς
883 2851 947 2934 ἄρα
969 2845 988 2931 6
1009 2853 1076 2913 BA
1097 2848 1174 2932 πρὸς

170 2959 248 3040 ΑΕ,
272 2955 378 3031 οὕτως
399 2953 419 3038 6
440 2959 510 3020 ΗΕ
531 2957 613 3042 πρὸς
634 2961 709 3036 ΖΒ,
732 2953 880 3021 τουτέστι
898 2955 982 3039 πρὸς
1001 2959 1079 3020 ΗΒ.
1111 2951 1172 3019 ἐπεὶ

242 3227 265 3274 1.
286 3221 300 3275 6
320 3219 407 3290 ἄξων]
425 3218 470 3272 bis
489 3237 516 3288 p,
536 3219 586 3273 sed
604 3235 672 3273 corr.
728 3225 752 3273 6.
772 3219 875 3289 νεύων]
894 3219 1057 3285 προονεύωυ
1076 3238 1102 3289 p.
1151 3223 1170 3270 7.

170 3289 299 3363 κέντρον]
318 3287 435 3358 κέντρον
453 3290 553 3352 κύκλος
570 3308 597 3359 p,
616 3290 680 3344 fort.
700 3293 783 3344 recte.
865 3296 915 3343 τοῦ
934 3286 966 3343 δέ
984 3321 1020 3331 -
1039 3296 1063 3344 8.
1086 3295 1160 3344 ΓΒΔ

171 3378 223 3415 om.
243 3381 269 3430 p.
343 3366 384 3415 13.
405 3359 458 3432 ὅτι]
478 3377 558 3416 enan.
579 3378 601 3414 ο.
675 3366 716 3416 15.
736 3359 813 3432 ἐπεί]
833 3360 893 3415 ἐπεὶ
911 3358 963 3429 γάρ
982 3379 1009 3430 p.
1081 3363 1157 3415 ABE

170 3435 250 3484 ΑΕΒ
269 3451 295 3500 p.
371 3437 411 3485 17.
432 3429 542 3502 μείζων]
561 3429 659 3498 μείζων
679 3429 752 3486 ἐστίν
770 3451 797 3501 p.
875 3436 917 3485 22.
936 3433 986 3503 τῷ]
1005 3450 1032 3501 p,
1051 3441 1106 3486 τῶν
1124 3431 1168 3484 Vc.

206 3509 254 3568 τῆς
267 3504 341 3572 (pr.)]
360 3511 414 3556 τῶν
433 3501 517 3570 ch,
536 3518 604 3556 corr.
625 3502 733 3571 Halley.
807 3509 848 3557 26.
869 3503 942 3573 HE]
963 3505 1022 3556 ΕΗ
1037 3521 1063 3571 p.
