2574 3934
141 113 194 168 XH
539 111 754 168 PRAEFATIO.

142 256 245 346 (1860
259 282 290 343 p.
305 255 349 344 2),
373 256 408 322 in
425 257 748 341 interpretationibus
769 256 963 343 germanicis
981 278 1050 321 rem
1070 257 1168 322 criti-

144 387 216 430 cam
238 386 305 429 non
329 369 428 429 curat.

209 475 312 536 restat
344 471 444 536 editio
477 475 510 536 et
536 471 686 556 princeps
719 476 752 536 et
784 471 825 536 ad
855 471 942 536 hunc
970 471 1055 535 diem
1087 471 1165 536 sola

143 568 292 642 Hallei'i
324 575 412 665 (cum
444 576 621 662 Apollonio
654 575 771 642 Oxonii
802 579 887 643 1710
919 574 1004 664 fol),
1036 578 1091 660 qui
1124 578 1163 642 in

142 686 343 770 praefatione
372 709 402 770 p.
425 685 476 751 III
502 686 583 750 haec
610 685 711 750 habet
734 684 773 749 de
802 684 955 749 subsidiis
984 685 1064 748 suis:
1095 685 1162 768 „ob

144 793 328 879 argumenti
360 796 470 858 autem
501 792 697 858 affinitatem
726 789 839 856 Sereni
869 790 972 855 libros
1005 791 1086 855 duos
1121 792 1162 856 de

145 898 296 964 Sectione
326 897 472 984 Cylindri
500 903 533 964 et
556 897 638 964 Ocni
666 897 798 982 publico
826 899 946 962 donare
972 897 1059 961 haud
1089 918 1164 983 gra-

143 1011 238 1074 vatus
262 1027 335 1070 sum
354 1006 424 1089 jam
447 1005 588 1088 primum
608 1003 729 1070 Graece
752 1003 938 1088 impressos,
962 1025 1043 1088 quos
1063 1025 1080 1067 e
1098 1001 1163 1068 Co·

144 1111 270 1177 dicibus
298 1111 404 1176 tribus
431 1111 646 1176 Bibliothecae
674 1111 787 1196 Regiae
814 1109 1008 1175 Parisiensis
1041 1110 1093 1174 sui
1125 1113 1164 1175 in

144 1241 240 1282 usum
277 1218 416 1282 describi
453 1223 622 1283 curaverat
663 1217 712 1282 vir
753 1215 961 1282 doctissimus
997 1215 1164 1282 Henricus

144 1323 332 1390 Aldrichius
357 1322 388 1389 S.
407 1323 443 1388 Τ.
464 1321 531 1412 P.1)
568 1323 660 1388 AEdis
685 1321 807 1388 Christi
831 1322 979 1390 Decanus
1004 1321 1170 1409 mihique,

144 1435 182 1496 ut
210 1429 307 1496 simul
335 1453 408 1496 curn
430 1429 607 1515 Apollonio
633 1430 740 1494 lucem
768 1429 963 1514 aspicerent,
990 1429 1166 1513 perhuma-

144 1537 230 1602 niter
252 1536 419 1622 impertiit.
455 1537 491 1601 in
512 1537 564 1602 his
587 1536 737 1600 omnibus
757 1535 947 1622 evulgandis
964 1535 1164 1600 industriam

145 1644 232 1708 haud
249 1644 355 1710 levem
373 1648 406 1709 et
420 1642 625 1729 diligentiam
639 1642 782 1727 adhibui,
800 1664 928 1707 mecum
947 1638 1048 1728 (quod
1062 1641 1166 1706 fateri,

144 1771 211 1814 505
233 1749 340 1838 piget)
369 1771 572 1834 summopere
599 1749 764 1814 adnitente
788 1748 826 1814 D.
850 1748 977 1814 Joanne
1000 1747 1164 1814 Hudsono

145 1855 360 1920 Bibliotheca
374 1854 559 1938 Bodlejanae
578 1853 736 1920 Praefecto
756 1877 952 1938 manumque
971 1853 1165 1920 auxiliarem

146 1958 264 2047 (prout
295 1959 331 2023 in
362 1959 497 2025 Euclide
529 1958 670 2048 fecerat)
707 1983 774 2026 non
809 1961 913 2026 invito
945 1959 1164 2046 porrigente.“

147 2068 234 2132 inter
261 2064 460 2130 Parisienses
490 2071 556 2131 tres
584 2073 655 2132 erat
681 2073 714 2132 et
740 2069 807 2133 cod.
831 2069 932 2150 2367,
965 2067 1057 2132 cuius
1086 2089 1164 2132 con·

148 2173 290 2238 iacturae
314 2171 414 2237 falsae
438 2171 567 2257 saepius
589 2179 738 2258 receptae
762 2178 838 2239 suut
861 2171 967 2260 (uelut
989 2197 1019 2258 p.
1034 2175 1088 2258 22,
1105 2172 1168 2258 15,

146 2283 199 2366 24,
218 2282 254 2366 33
281 2277 423 2366 32,15),
446 2285 539 2364 etp,
563 2280 654 2346 citius
677 2280 818 2366 uestigia
842 2285 929 2345 certa
952 2279 1162 2364 deprehendi·

148 2411 220 2453 mus
244 2411 275 2472 p.
293 2388 346 2472 40,
367 2390 396 2472 1,
409 2389 443 2472 5,
468 2388 590 2471 16,15;
614 2389 688 2472 180,
704 2391 731 2453 1.
776 2410 896 2472 paucas
920 2387 1167 2454 emendationes

147 2499 266 2578 certas,
295 2514 377 2575 quae
401 2492 671 2558 Commandinum
694 2493 846 2578 fugerant
868 2529 912 2540 -
936 2514 1010 2558 eum
1033 2515 1165 2578 quoque

148 2601 188 2665 ab
207 2598 337 2664 Halleio
361 2602 554 2682 usurpatum
577 2620 656 2680 esse,
680 2599 813 2682 adparet
836 2620 875 2664 ex
893 2622 925 2683 p.
939 2599 1014 2682 252,
1028 2600 1082 2684 22,
1104 2600 1163 2664 ubi

149 2707 405 2772 additamentum
428 2705 468 2768 ab
492 2726 531 2769 eo
554 2704 609 2769 fol.
633 2705 692 2770 28ιι
719 2706 754 2769 in
775 2705 863 2770 notis
886 2705 1091 2790 propositum
1114 2728 1165 2770 re·

149 2812 247 2898 cepit,
275 2835 350 2878 cum
378 2811 491 2876 eodem
517 2834 548 2895 p.
573 2811 647 2896 252,
672 2813 722 2897 16,
745 2813 786 2876 23
815 2807 919 2896 ἡμὲν
942 2816 1010 2876 ΕΔ
1032 2821 1072 2896 τῇ
1094 2815 1172 2878 ΔΓ

149 2925 182 2985 et
209 2917 248 2984 δέ
274 2917 385 2982 omisit
413 2955 469 3002 —,
506 2939 545 2983 ex
576 2917 705 2984 Halleio
737 2917 857 3002 recepi,
889 2917 1062 2983 nonnullas
1094 2939 1162 2983 non

148 3047 281 3112 prorsus
295 3023 527 3108 improbabiles
543 3025 805 3109 commemoraui3
818 3029 856 3089 ut
870 3024 1063 3109 adparatum
1075 3025 1165 3091 criti·

149 3157 223 3200 cum
238 3130 388 3198 omnibus
404 3131 574 3215 scripturis
588 3131 791 3197 sarientibus
806 3131 958 3196 editionis
972 3131 1163 3198 Halleianee

216 3399 242 3466 1)
269 3396 315 3451 Ad
338 3395 413 3448 hunc
441 3392 534 3448 uirum
561 3393 639 3447 misit
662 3393 758 3448 Sereni
781 3393 894 3448 libellos
923 3409 1015 3461 „nunc
1028 3392 1160 3462 ‚primum
1278 3365 1279 3456 1

151 3468 257 3524 Graece
276 3469 305 3522 et
323 3465 424 3520 Latine
444 3481 478 3520 ex
497 3482 547 3520 suo
567 3463 719 3534 exemplari
737 3464 929 3532 manuscripto
947 3463 1065 3518 editos“.
