2592 3932
112 153 178 218 280
427 157 514 206 ΠΕΡΙ
531 155 660 207 κακον
678 157 813 208 ΤοιιΗΣ.

114 303 154 362 Η
177 299 297 376 κύκλος
323 299 406 384 πρὸς
431 299 490 363 τὸν
516 303 544 362 Θ
567 299 765 364 διπλασίονα
789 302 890 382 λόγον
912 302 977 384 ἔχει
1000 301 1090 386 ἥπερ
1118 302 1139 368 6

113 408 254 469 ΑΗΓΛ
285 416 392 482 κῶνος
423 406 506 491 πρὸς
537 406 596 470 τὸν
628 410 657 469 Β
665 409 762 469 ΘΕΖ
794 417 919 491 κῶνον,
955 405 1140 473 τουτέστιν

114 514 195 598 ἤπερ
224 512 241 577 6
265 516 400 576 ΒΘΕΖ
426 513 509 596 πρὸς
536 513 594 576 τὸν
616 515 767 595 ΚΘΕΖ,
795 511 967 579 τουτέστιν
994 515 1079 599 ἤπερ
1113 515 1136 598 ἡ

114 624 180 684 ΒΘ
207 620 290 705 πρὸς
317 621 378 703 τὴν
403 622 483 703 ΘΚ,
511 621 576 703 ἔχει
604 614 640 682 δὲ
664 618 681 683 6
705 623 745 682 Η
763 621 885 696 κύκλος
907 621 990 707 πρὸς
1011 622 1072 686 τὸν
1103 627 1137 686 Θ

79 727 238 790 ὀκύκλον
266 727 463 790 διπλασίονα
491 727 592 807 λόγον
619 726 701 811 ύπερ
729 724 749 808 ν]
776 730 842 791 ΓΛ
870 729 953 813 πρὸς
976 732 1052 811 ΕΖ,
1083 730 1136 805 ὡς

114 835 178 919 ἄρα
201 831 221 915 ἡ
242 835 303 896 ΓΛ
323 833 406 918 πρὸς
424 837 502 915 ΕΖ,
526 832 631 908 ούτως
649 831 669 914 ἡ
689 837 754 897 ΒΘ
771 835 854 919 πρὸς
875 837 955 919 ΘΚ,
977 835 1135 900 τουτέστι

114 942 197 1023 πρὸς
219 944 301 1004 AH.
348 945 403 1003 ίσα
425 940 489 1024 ίίρα
513 936 582 1003 ἐστὶ
605 940 645 1002 τδι
668 942 781 1023 ΑΓΔ,
803 944 901 1004 ΒΕΖ
924 946 1083 1025 τρίγονοι·
1112 942 1133 1007 ὃ

114 1045 284 1133 προέκειτο
308 1043 420 1122 δείξαι.

590 1204 651 1283 ξα’.

65 1344 98 1392 10
184 1329 252 1395 Καὶ
276 1329 334 1395 ἐὰν
356 1331 396 1395 τὰ
420 1331 475 1394 διδ
498 1341 565 1395 τῶν
589 1329 716 1408 ἀξόνων
736 1335 881 1417 τρίγωνα
901 1337 956 1396 ίσα
975 1332 1135 1415 ἀλλήλοις

115 1432 148 1524 ᾗ,
171 1437 192 1521 ἡ
215 1437 311 1521 βάσις
329 1439 411 1523 πρὸς
429 1439 490 1520 τὴν
508 1436 608 1520 βύσιν
627 1438 824 1503 διπλασίονα
843 1440 944 1520 λόγον
963 1442 1028 1523 ἔχει
1047 1441 1131 1526 ἤπερ

116 1545 133 1610 6
157 1555 263 1621 κῶνος
284 1545 367 1630 πρὸς
390 1545 449 1608 τὸν
471 1555 590 1608 κῶνον.

182 1650 513 1737 καταγενρύφῶωσαν
535 1651 637 1715 πάλιν
658 1651 693 1714 οί
708 1654 918 1736 προκείμενοι
936 1662 1049 1734 κῶνοι,
1072 1651 1129 1716 καλ

115 1758 305 1824 ὑποκείσθω
325 1759 365 1822 τὰ
378 1764 411 1822 A
417 1760 487 1840 ΓΔ,
504 1762 569 1822 ΒΕ
574 1762 601 1821 Ζ
619 1760 766 1842 τρίγωνα
786 1763 841 1822 λσα
860 1757 1015 1840 ἀλλήλοις
1033 1755 1129 1824 εἶναι.

65 1877 97 1923 15
118 1863 263 1931 δεικτέον
296 1867 353 1949 δή,
385 1866 436 1930 ὅτι
468 1863 485 1930 6
518 1868 558 1928 H
585 1865 705 1940 κύκλος
736 1865 820 1950 πρὸς
851 1866 910 1930 τὸν
944 1870 973 1930 Θ
1004 1867 1130 1931 κύκλον

117 1975 315 2037 διπλασίονα
339 1974 440 2054 λόγον
464 1974 528 2055 ἔχει
546 1973 629 2056 ἥπερ
649 1970 666 2035 6
685 1974 825 2035 ΑΗΓΛ
843 1982 949 2048 κῶνος
968 1973 1052 2057 πρὸς
1070 1974 1131 2038 τὸν

115 2083 250 2144 ΒΘΕΖ
273 2089 391 2142 κῶνον.

183 2189 265 2251 ἔστω
294 2185 373 2270 γάρ,
401 2185 446 2260 ὡς
473 2183 493 2267 ν]
518 2188 583 2248 ΒΘ
610 2183 727 2248 εύθεία
753 2184 836 2270 πρὸς
859 2189 946 2270 ΑΗ,
975 2185 1081 2262 οὕτως
1108 2185 1130 2268 ἡ

115 2298 192 2358 ΑΗ
214 2294 297 2379 πρὸς
324 2295 406 2357 ΗΚ.
458 2289 527 2356 ἐπεὶ
559 2286 621 2355 οὖν
649 2291 688 2353 τδι
715 2293 829 2374 ΑΓΛ,
858 2295 955 2355 ΒΕΖ
983 2295 1131 2377 τρίγωνα

190 2494 213 2540 1.
235 2487 271 2558 Θ]
290 2504 316 2555 V,
338 2484 479 2540 Θκύκλον
498 2502 530 2553 p;
550 2499 629 2537 euan.
641 2482 674 2550 V,
693 2500 748 2550 mg.
769 2504 811 2551 ‚‚·:·
829 2485 853 2538 Θ
872 2499 906 2536 ex
920 2482 1131 2552 superioribus“

119 2593 155 2630 m.
176 2591 230 2629 rec.
303 2580 327 2628 2.
347 2571 498 2644 τουτέστιν]
519 2569 628 2639 ἆτέστιν
647 2571 681 2641 V,
698 2567 839 2626 τουτέστιν
857 2589 913 2642 mg.
932 2590 968 2625 m.
986 2588 1041 2627 ree.
1104 2581 1130 2627 4.

119 2664 192 2733 M]
211 2680 260 2732 vp,
286 2678 366 2716 eusn.
382 2661 416 2731 V,
441 2664 527 2730 „puto
548 2663 625 2716 M“
644 2677 699 2729 mg.
719 2678 755 2715 m.
769 2677 824 2716 rec.
897 2657 945 2732 δέ]
965 2679 1018 2731 vp3
1039 2658 1070 2715 δὲ
1089 2658 1132 2728 δὲ,

118 2732 167 2786 alt.
184 2750 274 2801 suen,
292 2733 326 2800 V,
346 2750 401 2802 mg.
422 2735 507 2802 „puto
527 2729 596 2786 καί“
615 2750 651 2786 m.
670 2747 724 2786 ree.
789 2731 850 2803 τόν]
869 2751 896 2801 p,
916 2732 1036 2787 οσανν.
1094 2734 1131 2804 Θ]

117 2803 147 2857 in
169 2821 223 2858 res.
243 2821 279 2856 m.
301 2809 314 2855 1
334 2821 360 2858 v.
451 2811 475 2856 ὁ.
500 2802 599 2874 λόγον]
622 2820 679 2872 rep.
699 2820 754 2872 mg.
774 2821 810 2856 m.
829 2819 883 2858 ree.
902 2802 928 2857 V
951 2802 1011 2857 sine
1036 2820 1130 2858 cause.

154 2876 224 2947 ΕΖ]
243 2874 295 2944 τὴν
315 2877 368 2928 ΕΖ
386 2891 412 2944 p.
487 2880 511 2928 6.
532 2877 591 2947 ΓΔ]
611 2893 666 2944 vp,
686 2891 765 2930 euan.
781 2874 814 2929 V.
887 2873 1131 2944 np6c(pr.)—7.

116 2946 197 3019 πρός]
216 2964 271 3016 vp,
300 2962 380 3000 suen.
400 2945 434 3015 V,
462 2961 519 3014 rep.
539 2964 594 3016 mg.
614 2964 650 3000 m.
669 2961 724 3000 rec.
816 2951 840 3000 6.
865 2947 934 3017 EZ]
959 2945 1011 3015 τὴν
1031 2949 1085 3000 ΕΖ
1103 2963 1131 3016 p.

155 3020 227 3089 M]
245 3017 297 3088 τὴν
318 3020 376 3073 ΘΚ
392 3036 418 3087 p.
493 3024 516 3071 7.
535 3017 616 3088 πρός]
635 3016 687 3085 τήν
705 3035 731 3086 p.
806 3015 851 3070 ίσοι
871 3018 1053 3089 -τρίνωνιι]
1071 3033 1129 3098 rep.

116 3108 171 3160 mg.
186 3109 222 3143 m.
238 3105 292 3144 ree.
306 3089 333 3144 V
352 3088 412 3144 sine
430 3087 609 3143 necessitate.
674 3089 771 3159 ΒΕΖ]
792 3091 875 3142 ΒΕΔ
893 3088 979 3158 va,
999 3091 1086 3144 ΒΗΔ
1100 3106 1131 3140 m

116 3160 330 3230 repetitionem.
341 3177 395 3215 ree.
406 3160 445 3228 V3
460 3177 529 3214 corr.
545 3159 648 3214 Comm.
700 3157 714 3214 6
725 3155 869 3228 προέκειτο
880 3159 982 3231 δείξαι]
993 3178 1019 3228 v,
1034 3175 1088 3214 om.
1098 3176 1131 3229 P3

118 3229 132 3285 δ
151 3230 233 3300 προέ-
253 3231 368 3285 sustulit
386 3232 490 3285 lacuna
504 3231 535 3284 in
548 3230 582 3298 V,
600 3249 656 3300 mg.
672 3233 758 3299 „puto
775 3231 871 3284 deesse
890 3228 904 3284 6
919 3234 1005 3298 προ-ι*
1024 3249 1060 3285 m.
1076 3246 1129 3283 ree.

154 3308 177 3356 8.
198 3303 299 3373 δεῖξαι]
318 3302 364 3355 hie
384 3302 441 3356 des.
461 3301 519 3371 (fol.
535 3303 613 3370 237³)
632 3320 667 3354 m.
684 3308 697 3354 1
718 3301 751 3370 V,
772 3304 866 3355 estere
884 3319 919 3354 m.
935 3307 959 3355 3.
1023 3307 1047 3355 9.
1067 3300 1115 3366 ξα’

120 3388 173 3425 om.
188 3391 214 3442 v,
234 3373 285 3426 ve'
300 3390 328 3461 p,
347 3373 375 3436 ξ’
390 3391 426 3426 m.
441 3389 495 3426 ree.
512 3371 545 3426 V.
619 3377 660 3426 1³.
680 3370 963 3442 καταγεγρύφῶωσαν
981 3404 1017 3412 -
1031 3381 1118 3426 κῶνοι

121 3440 185 3496 ἔστω
201 3441 253 3510 γὰρ
268 3446 352 3497 παλιν
366 3441 383 3510 ἡ
399 3442 469 3511 αύτὴ
484 3442 652 3511 καταγραφὴ
667 3452 722 3498 τῶν
736 3444 834 3498 κώνων
849 3461 875 3512 p.
935 3448 975 3497 18.
990 3444 1062 3513 ΑΗ]
1077 3442 1130 3511 τὴν

119 3514 176 3562 λιι
192 3529 218 3578 p.
293 3517 333 3565 19.
354 3514 429 3582 HK]
448 3512 499 3581 τὴν
519 3515 579 3565 HJ(
595 3530 622 3580 p.
