2574 3934
392 188 442 238 nn
462 186 640 238 suenone
660 187 839 241 cnnmnru.
1079 187 1123 250 43

101 333 202 394 AB:
217 333 286 395 ΓΔ.
341 353 456 396 uerum
492 331 590 395 etiarn
623 327 703 394 ΑΒ2
741 331 781 395 ad
814 329 894 395 ΓΛἓ
925 332 1124 416 duplicatam

102 436 268 502 rationem
291 437 391 502 habet
415 460 513 522 quam
537 441 602 501 AB
617 461 624 500 :
641 440 718 516 ΓΛ;
742 458 820 521 ergo

235 542 898 611 A32:PA²=AE><EB:FZ><
921 550 999 624 ZA3

101 653 197 734 quod
220 656 288 716 erat
311 651 606 716 demonstrandum
693 715 695 719 ,

574 879 661 945 XIV.

176 1005 212 1072 Si
253 1006 417 1092 cylindrus
451 1005 549 1090 plano
586 1028 645 1090 per
681 1028 774 1071 axem
811 1011 953 1092 secatur,
994 1012 1123 1072 secatur

100 1120 219 1180 autem
242 1114 341 1178 etiam
366 1112 429 1177 alio
452 1112 550 1196 plano
571 1112 705 1196 planum
725 1112 813 1177 basis
833 1114 965 1198 secanti,
988 1118 1020 1178 et
1040 1135 1125 1178 com-

100 1222 216 1287 munis
231 1220 332 1286 sectio
347 1218 436 1304 plani
452 1218 541 1283 basis
562 1218 764 1304 secantisque
784 1220 824 1284 ad
837 1220 943 1285 basim
957 1221 1125 1305 parallelo-

101 1327 248 1415 grammi
276 1349 334 1411 per
362 1349 458 1390 axem.
484 1324 586 1410 positi
616 1325 670 1391 uel
700 1326 901 1392 ad'eandem
931 1328 1124 1411 productam

100 1432 381 1520 perpendicularis
410 1437 474 1516 est,
505 1455 524 1495 a
551 1431 694 1496 sectione
723 1437 832 1497 autem
861 1423 901 1497 ad
928 1433 1123 1498 diametrum

101 1547 198 1607 recta
230 1540 359 1605 ducitur
390 1538 545 1622 parallela
579 1538 743 1603 communi
775 1539 949 1622 planorum
977 1540 1124 1622 sectioni,

102 1671 206 1732 quam
243 1647 397 1732 diximus,
433 1650 522 1710 recta
558 1645 654 1709 ducta
691 1646 850 1729 quadrata
882 1646 1026 1730 aequalis
1059 1647 1122 1711 erit

456 1751 561 1836 spatio
582 1752 718 1837 cuidam,
737 1753 778 1816 ad
796 1754 883 1836 quod
896 1753 1123 1838 rectangulum

455 1859 604 1944 partibus
629 1858 779 1923 diametri
803 1858 955 1925 sectionis
980 1880 1124 1944 compre-

454 1965 593 2030 hensum
613 1965 774 2030 rationem
796 1966 905 2050 habet,
929 1988 1026 2049 quarn
1050 1988 1124 2049 qua·

456 2072 586 2136 dratum
614 2071 763 2136 diametri
791 2072 945 2136 sectionis
979 2073 1019 2137 ad
1049 2094 1125 2156 qua·

457 2179 586 2241 dratum
609 2177 759 2242 diametri
781 2179 878 2243 basis.

524 2284 567 2349 sit
600 2283 777 2370 cylindruS,
811 2285 901 2350 cuius
934 2287 1027 2350 bases
1059 2285 1125 2350 sint

369 2387 379 2425 ”
456 2391 568 2456 circuli
613 2397 660 2473 A,
697 2395 739 2475 Β,
784 2391 1125 2476 parallelogrammum

456 2502 565 2562 autem
592 2520 651 2582 per
683 2520 776 2561 axem
807 2497 951 2582 positum
981 2500 1058 2581 ΓΔ,
1092 2503 1125 2562 et

456 2591 620 2688 cylindrus
648 2604 746 2688 plano
775 2607 901 2669 secetur
929 2626 1002 2669 cum
1026 2605 1125 2689 plano

455 2711 544 2776 basis
572 2711 776 2776 concurrenti
805 2711 980 2776 secundum
1002 2718 1126 2779 rectam

457 2818 498 2881 ad
517 2820 582 2882 ΓΑ
604 2817 797 2902 productam
819 2819 1126 2903 perpendicularem,

106 2927 216 3010 sitque
250 2923 351 2989 sectio
380 2924 494 2991 effecta
521 2928 640 3005 EZH,
673 2924 853 2990 communis
882 2929 992 2989 autern
1020 2925 1123 2991 sectio

108 3025 405 3120 parallelogrammi
424 3031 576 3115 planique
592 3031 732 3096 secantis
747 3036 830 3115 ΕΗ,
851 3053 932 3116 quae
947 3031 1124 3096 diametrus

110 3144 161 3206 est
184 3137 347 3223 sectionis,
368 3141 406 3202 ut
430 3137 724 3202 demonstrauimus
750 3141 854 3223 [prop.
875 3137 969 3221 XII];
993 3141 1123 3221 sumpto

111 3251 219 3313 autem
239 3245 274 3308 in
293 3244 435 3309 sectione
454 3248 575 3329 puncto
595 3244 704 3327 aliquo
721 3248 748 3307 Z
767 3245 807 3308 ab
823 3265 861 3308 eo
877 3244 917 3308 ad
931 3243 1125 3307 diametrum

112 3494 164 3532 orn.
183 3473 242 3543 Vc,
267 3473 307 3545 ιγ’
326 3493 361 3529 m.
382 3491 435 3528 rec.
451 3474 488 3542 V3
513 3476 542 3528 et
561 3472 602 3526 sic
621 3471 760 3543 deinceps.
835 3477 877 3526 16.
897 3469 924 3542 ὅ]
943 3488 976 3539 ρ,
1002 3488 1055 3527 om.
1071 3471 1125 3528 Vc.

148 3553 187 3602 20.
208 3544 315 3619 βάσεις]
334 3566 365 3617 p,
390 3545 471 3618 βάσις
489 3546 542 3601 Vc.
617 3549 659 3601 23.
681 3545 743 3617 ΓΑ]
762 3544 820 3612 Vc,
845 3543 896 3612 τὴν
918 3546 966 3596 ΓΑ
985 3561 1012 3612 p.
