2488 3938
393 166 442 214 mi
462 163 638 215 sacmom:
658 163 751 214 eom.
1013 158 1076 222 135

525 357 613 422 VIII.

137 483 220 550 siin
239 507 321 551 cono
340 489 429 550 recto
447 483 630 569 triangulus
650 504 707 565 per
725 503 818 546 axem
837 482 952 547 ductus
972 484 1075 548 maior

76 596 121 655 est
147 592 293 657 omnibus
322 590 495 678 triangulis
525 595 616 654 extra
643 611 736 652 axem
763 589 972 672 commotis,
1005 592 1074 655 axis

76 699 142 763 coni
163 699 252 764 radio
276 700 364 764 basia
387 699 494 762 minor
516 719 582 761 non
605 696 676 760 erit.

134 806 177 870 sit
195 829 305 890 uonna,
323 806 415 871 cuius
433 809 546 870 uertex
564 804 608 870 sit
622 809 664 887 A,
682 803 752 866 axis
770 807 880 867 auiam
894 807 960 867 AB
978 808 1075 885 recta,

76 912 154 978 basis
177 918 286 978 auIem
309 913 447 978 airadus
466 911 588 976 circum
607 914 636 973 Β
659 913 806 974 centrum
829 910 1018 1000 descriptus,
1043 915 1077 975 ei

622 1016 804 1102 triangulus
818 1039 876 1099 per
893 1040 985 1083 axem
1002 1018 1076 1082 duc·

622 1127 676 1187 tus
691 1125 790 1212 ΑΓΔ
807 1123 910 1188 maior
924 1124 1074 1188 omnibus

621 1229 795 1315 triangulis
820 1229 855 1293 in
879 1252 960 1295 cono
984 1234 1076 1294 extra

622 1358 715 1401 axem
745 1337 949 1402 constructis.
995 1336 1075 1420 dico,

622 1446 687 1507 AB
714 1443 804 1507 radio
829 1443 987 1508 minorem
1009 1465 1076 1508 non

621 1571 700 1614 esse.

687 1678 763 1720 nam
794 1656 822 1719 si
854 1656 925 1720 fieri
956 1661 1075 1741 potest,

622 1763 665 1827 sit
684 1762 798 1846 minor,
822 1762 1022 1846 dueaturque
1039 1763 1075 1826 in

621 1869 742 1935 circulo
766 1869 806 1932 ad
825 1871 887 1933 ΓΔ
908 1870 1075 1955 perpendi-

548 1981 595 2049 A'
621 1975 739 2040 culatis
761 1980 833 2040 ΒΕ.
870 1981 903 2041 ei
922 1976 1075 2061 quoniam

621 2083 760 2169 angulus
778 2087 882 2148 ABE
898 2088 1006 2148 rectus
1026 2088 1076 2148 est

622 2189 727 2274 [Eucl.
750 2189 798 2254 XI
824 2190 885 2254 def.
909 2190 959 2274 3],
986 2195 1076 2255 recia

619 2300 741 2380 puncta
761 2303 802 2381 A,
821 2301 852 2361 E
874 2298 1075 2381 coniungens

621 2402 724 2467 maior
774 2406 824 2466 esi
871 2403 961 2466 radio
1007 2405 1077 2466 BE

622 2507 727 2590 [Eual.
747 2506 776 2590 I,
801 2508 866 2591 19].
912 2507 1022 2591 iiaque
1046 2509 1074 2573 si

78 2608 112 2672 ab
129 2617 159 2675 A
181 2611 242 2676 sub
266 2612 385 2698 angulo
404 2616 508 2677 ABE
528 2618 617 2678 reaia
639 2613 794 2677 inseritur
811 2614 902 2678 radio
921 2614 1074 2699 aequalis,

77 2714 152 2782 inber
167 2723 288 2805 puncIa
306 2722 345 2802 B,
359 2723 391 2783 E
408 2720 508 2784 cadei.
549 2720 710 2784 inseraiur
728 2725 795 2785 ΑΖ
811 2720 903 2786 radio
922 2722 1075 2807 aequalis,

78 2827 105 2887 et
121 2847 174 2908 per
193 2831 220 2890 Z
241 2831 346 2891 rectae
366 2829 426 2890 ΓΔ
443 2827 598 2913 parallela
616 2827 752 2892 ducatur
771 2832 810 2892 H
814 2833 850 2907 Θ,
874 2830 1074 2913 ducaturque

80 2933 150 3017 BH3
166 2933 286 3017 itaque,
304 2937 341 2997 ut
358 2933 394 2996 in
411 2933 547 3018 prop.V
566 2934 822 2999 demonstratum
841 2941 900 3020 est,
918 2935 1075 3021 trianguli

80 3042 180 3124 ΑΒΖ,
206 3042 309 3103 HBZ
341 3039 464 3105 similes
496 3041 580 3105 fiunt
612 3039 717 3124 [Eucl.
741 3039 797 3124 VI,
822 3042 870 3127 7],
906 3046 939 3106 et
971 3043 1075 3106 latera

80 3145 349 3229 correspondentia
372 3147 519 3230 aequalia
543 3151 647 3231 erunt,
670 3151 703 3209 ei

239 3273 899 3336 zA:AB=BH:HZ=PB:Hz.

83 3391 174 3479 itaque
197 3399 263 3461 AB
278 3412 320 3462 ><
335 3398 403 3460 ΒΓ
413 3428 451 3448 =
472 3401 537 3460 ΑΖ
552 3412 595 3464 ><
612 3398 692 3480 ΖΗ,
714 3395 746 3459 h.
765 3417 790 3459 e.
810 3395 993 3480 triangulus
1015 3419 1074 3481 per

84 3520 157 3568 axem
180 3503 296 3568 ductus
321 3501 464 3586 aequalis
488 3507 537 3566 est
560 3501 724 3588 tn'angulo
748 3504 870 3584 AH03
895 3502 981 3586 quod
1003 3504 1074 3568 fieri
