2504 3928
160 160 226 224 212
475 161 562 212 nm
579 159 709 212 Κοιιον
726 160 862 212 ΤοιιΗΣ.

161 308 306 391 τρίγωνα
334 302 469 389 [ὅμοιοι].
516 303 560 380 ὡς
587 304 651 388 ἄρα
678 303 699 387 ἡ
722 308 791 367 ΔΑ
814 304 897 387 πρὸς
919 307 998 385 ΑΓ,
1026 303 1138 378 οὕτως
1162 301 1180 384 ἡ

163 416 234 476 ΗΑ
262 411 344 496 πρὸς
371 415 450 475 ΑΒ·
479 407 534 474 καὶ
562 408 771 496 περιέχουσιν
799 416 872 486 ἴσοις
895 413 1030 492 γωνίας·
1061 411 1180 494 ὅμοιον

162 520 226 605 ἄρα
249 519 286 583 τὸ
305 521 417 582 ΛΑΓ
431 520 596 603 τρίγωνον
614 518 659 605 τῷ
679 521 785 581 ΗΑΒ
804 519 955 604 τριγώνῳ
976 516 1178 602 ἐπιζευχθεί-

163 642 222 708 σης
245 633 302 709 τῆς
325 629 402 688 ΒΗ.
448 623 557 709 ἡόρα
578 624 644 688 ὑπὸ
667 626 772 687 ΑΓΛ
795 627 899 706 γωνία
923 635 962 709 τῇ
985 623 1050 689 ὑπὸ
1072 627 1180 688 ΑΒΗ
1237 619 1238 650 '

128 738 219 815 οῖση
242 731 341 796 ε’στίν.

230 835 299 902 ἐπεὶ
326 833 389 903 οὖν
415 836 436 919 ἡ
464 842 497 900 Α
504 841 531 900 Ζ
554 845 611 921 τῆς
635 839 696 900 ΓΒ
725 837 786 901 οόκ
810 836 899 901 ε’στιν
923 836 1082 921 ἐλάττων,
1104 839 1175 919 ἤτοι

165 951 218 1027 ἴση
243 941 332 1009 ἐστὶν
355 942 376 1026 ἣ
400 946 527 1028 μείζων.

230 1053 312 1115 ἔστω
339 1053 502 1135 πρότερον
530 1055 599 1131 ἴση·
627 1048 838 1136 ὀρθογώνιον
866 1052 930 1136 ἄρα
958 1048 1028 1115 ἐστὶ
1053 1055 1174 1134 παραλ-

163 1161 396 1242 ληλόγραμμον
427 1158 463 1221 τὸ
493 1159 562 1220 ΓΖ.
613 1156 633 1239 ἡ
672 1157 735 1240 ἄρα
771 1156 836 1220 ὑπὸ
865 1162 898 1220 Α
905 1160 966 1221 ΓΒ
998 1157 1078 1241 μετὰ
1109 1169 1173 1221 τῶν
1238 1197 1239 1208 1

111 1277 145 1324 10
163 1264 228 1328 ὑπὸ
266 1266 381 1346 ΓΒΑ,
413 1267 514 1328 ΑΒΖ
552 1259 650 1326 δυσὶν
683 1262 803 1345 ὀρθαῖς
836 1269 904 1327 ῖσιιι
940 1265 1035 1328 εἰσίν.
1093 1263 1173 1328 ἀλλὰ

163 1378 220 1452 τῆς
252 1369 316 1434 ὑπὸ
347 1372 462 1453 ΓΔΒ,
491 1367 640 1433 τουτέστι
669 1378 727 1452 τῆς
753 1369 818 1434 ὑπὸ
847 1374 912 1433 ΔΒ
920 1374 961 1452 Ζ,
991 1369 1031 1434 οό
1060 1373 1173 1456 μείζων

164 1473 254 1541 ἐστὶν
290 1476 310 1559 ἡ
346 1476 411 1540 ὑπὸ
449 1479 562 1540 ΑΓΒ·
601 1475 622 1558 ἡ
660 1477 726 1560 ἄρα
756 1475 822 1541 ὑπὸ
861 1479 961 1540 ΒΓΔ
998 1477 1077 1561 μετὰ
1110 1486 1172 1540 τῶν

162 1583 228 1647 ὑπὸ
266 1586 380 1666 ΓΒΑ,
417 1586 518 1647 ΑΓΒ
557 1582 597 1647 οὐ
639 1580 784 1667 μείζονές
820 1584 885 1647 εἰσι
921 1583 1017 1649 δυεῖν
1052 1583 1171 1668 ὀρθῶν,

164 1689 182 1754 ὅ
210 1690 301 1755 ἐστιν
328 1691 365 1754 ιιί
388 1690 454 1754 ὑπὸ
482 1692 599 1772 ΑΓΔ,
631 1693 730 1754 ΓΒΔ
758 1689 797 1754 οό
827 1689 971 1774 μείζονές
998 1692 1061 1754 εἰσι
1084 1691 1170 1754 δυεῖν
1239 1683 1240 1694 ’

112 1808 145 1856 15
164 1797 289 1881 ὀρθῶν.
335 1796 417 1860 ἀλλὰ
444 1805 484 1881 τῇ
512 1795 577 1860 ὑπὸ
601 1798 705 1860 ΑΓΛ
734 1802 788 1878 ἴση
812 1793 901 1861 ἐστὶν
924 1796 945 1880 ἡ
967 1796 1033 1861 ὑπὸ
1057 1799 1169 1861 ΑΒΗ·

165 1904 202 1966 αἱ
235 1904 299 1987 ἄρα
335 1902 400 1967 ὑπὸ
438 1907 559 1985 ΑΒΗ,
593 1906 694 1967 ΓΒΑ
731 1903 771 1967 οὐ
807 1901 951 1987 μείζονές
987 1905 1050 1968 εἰσι
1084 1904 1169 1967 δυεῖν

165 2008 289 2093 ὀρθῶν.
335 2012 546 2094 προσκείσθω
575 2007 595 2091 ἡ
623 2009 688 2073 ὑπὸ
712 2012 818 2074 ΑΒΓ
836 2009 935 2093 ὀρθή·
964 2011 1002 2074 οιί
1027 2011 1090 2096 ἄρα
1111 2009 1168 2073 ὑπὸ

164 2118 285 2197 ΑΒΗ,
309 2119 415 2179 ΑΒΔ
444 2115 484 2179 οὐ
511 2114 656 2200 μείζονές
683 2119 747 2180 εἰσι
774 2127 877 2201 τριῶν
905 2117 1030 2203 ὀρθῶν.
1081 2118 1168 2198 λοιπὴ

165 2223 229 2307 ἄρα
260 2223 307 2296 εἰς
341 2220 501 2306 τέσσαρας
531 2221 637 2307 ὀρθὰς
663 2222 683 2305 ἡ
711 2223 777 2287 ὑπὸ
804 2229 837 2287 Α
843 2228 871 2288 Β
878 2228 917 2288 Η
941 2224 1002 2288 οὐκ
1033 2224 1169 2290 ἐλάσσων
1240 2227 1241 2250 ¹

113 2342 147 2390 20
167 2327 235 2394 ἐστὶ
262 2338 339 2414 μιᾶς
367 2328 486 2411 ὀρθῆς·
515 2332 633 2413 μείζων
661 2330 725 2414 ἄρα
748 2328 768 2412 ἡ
792 2334 869 2394 ΔΗ
887 2340 944 2413 τῆς
967 2335 1048 2395 ΛΒ·
1071 2330 1092 2414 ἡ
1114 2331 1170 2414 ἄρα

167 2442 238 2501 ΑΔ
260 2438 343 2522 πρὸς
367 2439 445 2500 ΑΗ
465 2435 622 2501 ἐλάττονα
646 2437 747 2518 λόγον
770 2439 835 2520 ἔχει
857 2438 939 2522 ἥπερ
962 2435 981 2519 ἡ
1006 2443 1076 2502 ΑΔ
1098 2438 1170 2522 πρὸς

166 2548 242 2609 ΑΒ.
289 2541 362 2608 ἀλλ’
393 2543 437 2619 ὡς
463 2540 483 2624 ἡ
513 2548 584 2607 ΑΛ
610 2543 694 2625 πρὸς
722 2546 808 2626 ΔΗ,
837 2542 943 2620 οὕτως
966 2541 986 2626 ἡ
1012 2548 1082 2608 ΑΓ
1098 2544 1170 2628 πρὸς

168 2654 242 2715 ΓΒ·
272 2648 328 2713 ιιοιὶ
357 2647 376 2730 ἡ
408 2651 472 2733 ἄρα
503 2655 535 2712 Α
542 2652 574 2713 Γ
597 2649 679 2734 πρὸς
710 2652 772 2713 ΓΒ
804 2648 960 2714 ἐλάττονα
988 2652 1089 2732 λόγον
1115 2653 1169 2733 ἔχει

167 2757 250 2838 ἤπερ
273 2753 293 2837 ἡ
319 2760 389 2819 ΑΛ
413 2755 496 2839 πρὸς
519 2760 596 2820 ΑΒ.

115 2872 148 2920 25
235 2860 318 2925 ἀλλὰ
342 2862 383 2944 ὀὴ
407 2863 489 2925 ἔστω
513 2859 532 2943 ἡ
554 2867 621 2926 ΑΖ
644 2870 702 2946 τῆς
721 2866 781 2927 ΓΒ
805 2865 935 2947 μείζων·
959 2863 1097 2948 ἀμβλεῖα
1116 2866 1168 2946 ἄρα

167 2967 271 3052 ἡὺτιὸ
290 2971 399 3033 ΑΓΒ.
441 2969 536 3051 ἤχθω
560 2979 599 3054 τῇ
624 2972 687 3033 ΓΑ
710 2969 919 3055 παράλληλος
941 2968 961 3052 ἡ
986 2975 1015 3035 Β
1023 2975 1060 3036 Θ.
1100 2969 1168 3035 ιιιιτό

168 3077 208 3141 τὰ
235 3075 319 3140 αὐτὰ
347 3076 403 3159 δή,
432 3073 501 3140 εἰιεὶ
530 3073 548 3157 ἡ
578 3076 643 3141 ὑπὸ
667 3081 700 3139 Α
706 3079 767 3140 ΓΒ
791 3077 871 3160 μετὰ
893 3088 960 3142 τῶν
982 3077 1048 3144 ὑπὸ
1073 3081 1167 3158 ΓΒΑ,

168 3187 271 3246 AB&
303 3180 401 3247 ὀυσὶν
434 3182 554 3268 ὀρθοῖς
585 3188 652 3246 ῖσαι
683 3183 782 3266 εἰσίν,
818 3192 876 3266 τῆς
908 3180 944 3248 δὲ
974 3183 1039 3250 ὑπὸ
1070 3188 1167 3265 ΑΒΘ,

241 3380 265 3424 1.
290 3371 390 3445 ὀμοιοι]
415 3373 509 3441 deleo,
537 3373 586 3427 καὶ
609 3371 692 3441 ὅμοιοι
716 3391 742 3442 p.
834 3374 907 3448 ἄρα]
930 3393 1005 3445 vop,
1035 3377 1122 3447 suppl.
1140 3395 1167 3430 m.

170 3456 224 3494 ree.
243 3441 276 3495 V.
348 3444 366 3513 ὴ
387 3447 441 3497 ΗΑ
460 3475 493 3484 -
514 3450 537 3498 2.
557 3444 619 3514 AB]
637 3461 713 3513 vcp3
736 3461 816 3500 euan.
836 3446 870 3515 V,
889 3449 976 3516 repet,
998 3465 1053 3518 mg.
1074 3467 1107 3502 m.
1125 3464 1166 3501 rec.

207 3515 230 3562 3.
251 3514 344 3582 ΗΑΒ]
365 3518 446 3567 ΒΗΑ
465 3532 492 3583 p.
564 3519 589 3569 4.
608 3515 708 3587 ΑΒΗ]
728 3534 761 3585 p,
780 3520 864 3570 ΑΗΒ
881 3517 963 3586 Vve,
983 3535 1051 3574 corr.
1066 3517 1167 3574 ΜΓ.
