2592 3932
177 169 244 234 264
492 171 580 221 nm
597 169 727 222 κακον
744 170 880 223 mom.

181 314 352 399 τεσσάρων
366 312 542 398 τμημάτων
556 311 711 398 μέγιστον
725 311 786 397 μὲν
800 316 890 379 ἔσται
904 315 941 379 τὸ
951 324 1007 399 τῆς
1016 313 1197 392 ἐλάττονος

179 424 290 506 μεῖζον
313 429 436 505 τμῆμα,
460 419 633 504 ἐλάχιστον
656 416 693 485 δέ
716 421 753 485 τὸ
777 422 921 486 ἐλαττον.

248 531 394 593 ἔστωσαν
435 527 564 592 εὐθεῖαι
605 528 667 591 δύο
710 529 820 592 άνισοι
861 529 898 592 αἱ
936 531 1051 612 ΑΒΓ,
1093 533 1196 594 ΔΕΖ
1268 537 1269 580 λ

179 632 374 721 διῃρημέναι
392 634 532 698 κατὰτὰ
551 637 581 697 Β
598 631 653 698 καὶ
671 636 703 698 Ε
720 645 846 718 σημεῖα,
866 635 949 699 ὥστε
968 636 1028 719 τὴν
1048 632 1113 719 μὲν
1127 640 1196 700 ΔΕ
1269 662 1270 720 η

144 750 237 825 στῆς
260 746 324 805 ΕΖ
351 743 483 825 μείζονα
512 733 611 823 εἶναι,
639 741 700 823 την
722 736 760 804 δὲ
783 745 849 805 ΑΒ
872 749 931 824 τῆς
954 745 1022 806 ΒΓ
1039 743 1085 826 μὴ
1110 736 1195 806 εἶναι

180 848 352 930 ἐλάσσονα,
375 844 430 911 καὶ
453 849 572 930 μείζων
593 842 654 930 μὲν
679 848 760 912 ἔστω
785 846 805 930 ἡ
824 852 856 924 Α
863 850 895 911 Γ
912 856 970 931 τῆς
989 853 1023 914 Δ
1030 853 1073 932 Ζ,
1096 849 1138 913 τά
1160 845 1194 911 δὲ

179 955 243 1021 ἀπὸ
266 965 334 1018 τῶν
357 958 438 1037 ΑΒ,
462 956 530 1018 ΒΓ
546 953 735 1038 τετράγωνα
758 965 828 1030 τοῖς
851 952 914 1018 άπὸ
937 965 1005 1019 τῶν
1025 959 1111 1038 ΔΕ,
1132 958 1193 1019 ΕΖ

179 1061 398 1146 τετραγώνοις
421 1066 485 1124 ίοα.
531 1057 631 1143 λέγω,
656 1060 796 1125 ὅτιτῶν
819 1065 900 1145 ΑΒ,
923 1064 1000 1144 ΒΓ,
1024 1066 1110 1145 ΔΕ,
1133 1065 1194 1124 ΕΖ

181 1168 324 1232 εὐθειῶν
347 1169 482 1250 μεγίστη
505 1164 565 1249 μέν
589 1164 679 1232 ἐστιν
701 1165 721 1249 ἡ
741 1171 824 1250 ΛΕ,
847 1165 999 1251 ἐλαχίστη
1025 1164 1063 1232 δὲ
1082 1167 1104 1250 ἡ
1124 1171 1193 1232 ΕΖ.

130 1286 164 1334 10
249 1275 343 1357 ἤχθω
367 1273 450 1358 πρὸς
472 1272 579 1358 ὀρθάς
601 1282 640 1358 τῇ
660 1278 692 1336 Α
698 1276 731 1337 Γ
747 1273 768 1357 ἡ
787 1277 861 1337 ΒΗ
880 1280 934 1356 ίση
958 1269 1044 1339 οὖσα
1063 1283 1105 1358 τῇ
1125 1275 1194 1354 ΒΓ,

181 1377 236 1444 καὶ
260 1378 443 1463 ἐπεζεύχθω
467 1378 487 1460 ἡ
510 1383 592 1463 ΑΗ,
615 1377 670 1443 καὶ
693 1376 768 1466 περί
791 1381 828 1444 τὸ
850 1383 961 1444 ΑΒΗ
980 1379 1194 1464 ὀρθογώνιον

184 1485 365 1571 γεγράφθω
398 1485 602 1570 ἡμικύκλιον.
653 1484 722 1550 ἐπεὶ
753 1483 817 1552 οὖν
847 1485 867 1568 ἡ
896 1490 964 1550 ΑΒ
990 1487 1112 1552 εὐθεῖα
1141 1494 1195 1569 τῆς

182 1596 257 1657 ΒΗ
274 1593 336 1658 ούκ
355 1591 445 1658 ἐστιν
464 1591 620 1676 ἐλάττων,
644 1590 700 1657 καὶ
717 1591 737 1675 ἡ
757 1597 823 1656 ΑΒ
842 1593 906 1679 άρα
924 1592 1122 1680 περιφέρεια
1140 1601 1193 1676 της
1274 1639 1275 1660 ι

182 1703 256 1764 ΒΗ
275 1700 336 1764 ούκ
360 1699 452 1764 ἐστιν
471 1698 628 1764 ἐλάττων·
644 1698 671 1782 η
691 1699 755 1785 άρα
778 1708 835 1783 της
854 1703 966 1764 ΑΒΗ
983 1701 1194 1787 περιφερείας
1275 1762 1276 1810 χ

127 1820 161 1867 15
182 1807 354 1890 διχοτομία
381 1807 453 1889 ἤτοι
481 1807 622 1870 κατὰτὸ
647 1810 675 1870 Β
699 1809 789 1870 ἔσται
812 1804 834 1888 ἢ
857 1803 909 1870 ἐπί
932 1815 990 1890 της
1012 1811 1083 1871 ΑΒ
1105 1827 1192 1890 περι·
1275 1811 1276 1842 ¹

181 1915 325 1997 φερείας,
344 1905 417 1977 οἷον
434 1913 517 1977 κατά
535 1916 572 1977 Θ.
610 1911 711 1998 ὁάρα
729 1911 854 2001 κέντρφ
873 1910 935 1998 μὲν
952 1923 991 1998 τῇ
1010 1914 1192 1998 διχοτομία,
1276 1946 1277 2026 χ

182 2020 377 2102 διαστήματι
414 2015 451 2083 δὲ
487 2018 697 2106 ὁποτερφοῦν
733 2029 800 2085 τῶν
834 2026 880 2104 A,
912 2023 952 2084 Η
983 2023 1193 2106 γραφόμενος

180 2126 302 2202 κύκλος
323 2123 392 2208 ἥξει
414 2122 469 2190 καί
494 2125 549 2189 διά
568 2134 628 2189 τοῦ
649 2129 684 2209 Γ,
709 2126 754 2202 ὡς
771 2127 985 2212 προεδείχθη·
1010 2127 1190 2213 γεγράφθω

181 2229 243 2299 οὗν
271 2229 326 2296 καὶ
354 2235 435 2297 ἔστω
464 2231 655 2297 ὁΑΚΓΗ.
702 2230 771 2297 ἐπεὶ
799 2229 862 2299 οὖν
889 2234 925 2298 τὸ
954 2232 1016 2297 άπὸ
1045 2241 1105 2316 τῆς
1127 2233 1191 2296 ΛΖ

127 2352 162 2400 ‘20
181 2343 291 2426 μεῖζόν
321 2339 390 2405 ἐστι
417 2349 485 2403 τῶν
507 2337 570 2402 άπὸ
593 2343 675 2422 ΔΕ,
702 2343 781 2423 ΕΖ,
809 2340 849 2404 τά
872 2336 909 2403 δὲ
932 2338 996 2404 άπὸ
1019 2349 1088 2404 τῶν
1112 2341 1190 2419 ΛΕ,

181 2452 244 2510 ΕΖ
273 2453 329 2512 ίσα
355 2456 400 2534 τῷ
429 2445 492 2510 ἀπὸ
520 2453 577 2528 τῆς
601 2449 687 2529 ΑΗ,
714 2443 770 2510 καὶ
798 2447 834 2510 τὸ
863 2443 926 2510 άπὸ
953 2454 1013 2528 τῆς
1033 2450 1102 2510 ΔΖ
1131 2445 1190 2528 άρα

183 2556 293 2636 μεῖζόν
319 2553 388 2619 ἐστι
410 2561 470 2617 τοῦ
494 2551 557 2617 ἀπὸ
581 2561 638 2635 τῆς
660 2555 745 2616 ΑΗ·
775 2555 893 2636 μείζων
915 2553 979 2637 ἄρα
1001 2550 1022 2634 ἡ
1045 2556 1113 2616 ΔΖ
1136 2558 1190 2632 τῆς

181 2661 262 2722 ΑΗ.
300 2657 443 2724 ἐλάττων
466 2655 502 2723 δὲ
520 2657 541 2741 ἡ
560 2663 594 2722 Δ
601 2662 628 2721 Ζ
647 2667 704 2742 τῆς
722 2664 755 2722 Α
762 2661 801 2722 Γ·
826 2659 971 2723 δυνατὸν
990 2660 1055 2743 άρα
1072 2653 1189 2742 μεταξὺ

182 2772 249 2826 τῶν
272 2766 351 2845 ΑΓ,
379 2767 456 2827 ΑΗ
479 2764 621 2828 εὐθειῶν
645 2762 823 2849 ἐναρμόσαι
847 2773 891 2852 τῷ
916 2767 1064 2829 ΑΚΓΗ
1081 2763 1188 2847 κύκλῳ

129 2881 163 2930 25
184 2868 321 2933 εὐθεῖαν
359 2873 434 2952 ίσην
470 2877 509 2954 τῇ
547 2874 621 2934 ΔΖ.
677 2870 873 2955 ἐνηρμόσθω
910 2869 930 2953 ἡ
968 2876 1000 2934 Α
1007 2875 1097 2953 ΛΜ,
1136 2863 1187 2932 καὶ

183 2975 366 3060 ἐπεζεύχθω
394 2975 415 3059 ἡ
444 2979 527 3040 ΛΗ·
559 2982 613 3060 ίση
641 2979 705 3063 άρα
733 2978 789 3042 διὰ
816 2978 856 3041 τά
883 2974 1141 3063 προδεδειγμένα
1167 2970 1187 3053 ἡ

254 3175 277 3224 6.
298 3167 407 3241 μείζων]
426 3188 458 3239 p,
482 3170 578 3250 μεῖζον
594 3168 627 3223 V.
715 3175 739 3250 9:
765 3167 849 3241 ἐστιν]
871 3168 946 3224 ἔσται
963 3186 990 3239 p.
1065 3164 1184 3292 ἐλαχίσγη

183 3237 231 3312 δέ]
249 3257 306 3309 rep.
321 3259 376 3311 mg.
392 3259 427 3295 m.
442 3257 496 3297 rec.
511 3239 537 3295 V
556 3255 616 3294 eme
629 3243 806 3296 necess1tate.
863 3245 905 3295 13.
920 3241 969 3295 καὶ
982 3240 1000 3310 ἡ
1012 3271 1046 3280 —-
1058 3247 1098 3296 14.
1126 3241 1184 3328 ³30¹*-

180 3312 477 3453 ...fflvffipffiffl
498 3319 576 3437 ¹¹12.
603 3310 843 3453 ο]1ῗ“οᾶύα].οω’
862 3331 906 3438 I1²9.
927 3311 1142 3455 odfflffl
1159 3323 1183 3446 ό

218 3457 259 3505 24.
279 3453 350 3523 ΑΗ]
370 3472 388 3508 v
413 3453 542 3523 ‚lacuna
560 3452 740 3523 absumptum
757 3401 791 3508 Η.
865 3461 907 3511 26.
927 3454 994 3528 ἄρα]
1014 3453 1070 3523 άρα
1089 3447 1142 3508 ἐστί
1157 3465 1182 3518 p·

217 3472 449 3595 προδεδειγμέύα]
468 3543 522 3594 vp,
546 3544 562 3593 γ
581 3541 665 3594 supra
685 3542 734 3579 ser.
753 3543 790 3581 m.
811 3533 825 3580 1
845 3525 878 3582 V.
