2504 3928
166 211 229 273 174
474 213 560 263 ΠΕΡΙ
579 212 707 266 mor
725 213 861 267 ΤοΜΗΣ.

165 355 336 440 ἐλάχιστον
358 352 395 420 δὲ
418 355 455 420 τὸ
478 355 560 441 πρὸς
583 355 689 443 ὀρθὰς
708 365 748 442 τῇ
766 356 861 440 βᾶσει
883 364 943 420 τοῦ
962 357 1085 438 κώνου,
1108 365 1173 418 τών

164 459 200 527 δὲ
228 467 353 528 λοιπῶν
380 463 417 528 τὸ
450 471 510 527 τοῦ
537 466 693 547 μεγίστου
725 466 839 546 ἔγγιον
871 465 981 547 μεῖζόν
1013 462 1083 528 ἐστι
1115 467 1173 526 τοῦ

165 567 343 656 ἀπώτερον.

231 675 267 740 ἐν
298 677 361 763 γὰρ
389 677 484 764 κώνῳ
513 682 664 764 σκαληνῷ
692 677 748 741 διὰ
774 685 834 741 τοῦ
857 680 923 741 AB
951 673 1068 754 ἄξονος
1092 677 1173 740 ἔστω

129 785 323 868 ὀτρίγωνα,
358 781 521 860 ἰσοσκελὲς
548 779 608 867 μὲν
631 785 667 848 τὸ
691 790 724 848 Α
730 786 809 867 ΓΛ,
837 783 944 868 ὀρθὸν
972 779 1010 847 δὲ
1032 783 1115 866 πρὸς
1138 779 1172 843 τὸ

164 898 221 973 τῆς
243 890 369 974 βᾶσεως
389 889 543 955 ἐπίπεδον
561 890 598 954 τὸ
618 895 726 954 ΑΕΖ.
763 888 859 973 λέγω,
882 889 932 955 ὅτι
951 890 1085 955 πάντων
1106 897 1173 952 τῶν

164 995 221 1059 διὰ
243 1005 303 1061 τοῦ
327 993 444 1074 ἄξονος
465 998 638 1083 τριγώνων
661 995 817 1081 μέγιστον
839 995 899 1081 μέν
922 995 991 1060 ἐστι
1009 997 1046 1060 τὸ
1065 1001 1096 1058 Α
1103 997 1171 1074 ΓΔ,

164 1100 335 1186 ἐλάχιστον
360 1099 396 1167 δὲ
419 1105 456 1168 τὸ
480 1108 587 1168 ΑΕΖ.

232 1211 313 1273 ἔστω
341 1210 403 1292 γὰρ
432 1211 487 1274 διὰ
514 1219 574 1275 τοῦ
600 1208 717 1289 ἄξονος
738 1209 882 1295 ἠγμένον
905 1211 986 1275 ἄλλο
1009 1211 1171 1295 τρίγωνον

112 1327 146 1376 10
165 1316 201 1379 τὸ
221 1319 336 1380 ΑΗΘ.
373 1314 429 1381 καὶ
447 1315 515 1382 ἐπεὶ
534 1318 697 1401 σκαληνὸς
712 1317 730 1383 ὁ
748 1328 864 1401 κῶνος,
887 1319 1050 1382 κεκλίσθω
1069 1315 1086 1382 ὁ
1103 1316 1169 1379 AB

164 1419 253 1500 ἄξων
285 1421 338 1488 ἐπὶ
369 1423 409 1488 τὰ
435 1432 495 1488 τοῦ
527 1428 554 1488 Ζ
586 1424 681 1511 μέρη·
718 1427 853 1508 μεγίστη
880 1421 939 1508 μὲν
966 1423 1031 1510 ἄρα
1057 1421 1077 1506 A
1104 1423 1170 1486 ΑΕ
1242 1479 1243 1484 ,

163 1531 290 1615 πλευρὰ
317 1541 433 1596 πασῶν
459 1542 526 1596 τῶν
554 1530 617 1597 ἀπὸ
644 1540 704 1595 τοῦ
728 1537 760 1595 A
792 1529 846 1596 ἐπὶ
872 1533 933 1614 τὴν
960 1528 1167 1617 περιφέρειαν

165 1635 336 1721 ἀγομένων
354 1638 507 1721 εὐθειῶν,
530 1637 682 1722 ἐλαχίστη
701 1634 737 1702 δὲ
755 1637 776 1720 A
795 1642 869 1701 AZ.
906 1638 927 1721 A
945 1635 1006 1722 μὲν
1024 1639 1087 1722 ἄρα
1104 1637 1166 1700 ΕΑ
1243 1717 1244 1724 ρ

163 1753 221 1827 τῆς
248 1748 325 1808 AH
351 1747 468 1829 μείζων
496 1743 600 1828 ἐστίν,
632 1743 652 1828 A
680 1740 717 1808 δὲ
746 1748 811 1808 ΖΑ
842 1751 899 1828 τῆς
926 1748 994 1808 ΑΘ
1021 1742 1165 1807 ἐλάττων.
1243 1727 1244 1740 ἢ

112 1863 145 1911 15
165 1848 234 1915 ἐπεὶ
253 1846 315 1915 οὖν
333 1851 395 1916 δύο
413 1854 559 1936 τρίγωνα
578 1851 617 1914 τὰ
642 1855 745 1936 ΑΕΖ,
761 1854 869 1914 ΑΗΘ
888 1855 961 1926 ἴσας
978 1853 1043 1934 ἔχει
1061 1849 1165 1934 βᾶσεις

165 1957 222 2032 τᾶς
244 1961 318 2039 ΕΖ,
337 1960 376 2021 Η
379 1962 408 2022 Θ
429 1955 485 2022 καὶ
507 1958 568 2040 την
587 1956 650 2022 ἀπὸ
674 1967 731 2041 τῆς
752 1965 902 2042 κορυφῆς
925 1954 978 2021 ἐπὶ
1000 1957 1061 2039 την
1082 1956 1164 2038 ὃιχο-
1244 1956 1245 1991 ¹

164 2065 282 2146 τομιάν
309 2072 366 2147 της
392 2064 518 2146 βάσεως
544 2065 605 2147 την
634 2063 738 2147 αὐτὴν
764 2065 825 2146 την
849 2067 929 2146 ΑΒ,
957 2060 1012 2127 καὶ
1041 2065 1164 2147 μειξονα

164 2172 265 2251 λόγον
293 2172 357 2253 ἔχει
384 2169 404 2254 A
432 2174 501 2234 ΑΕ
526 2171 609 2254 πρὸς
636 2175 701 2234 ΑΖ
728 2171 810 2254 ἤπερ
830 2167 858 2252 A
888 2173 958 2233 HA
985 2170 1067 2255 πρὸς
1092 2169 1163 2248 ΑΘ,

165 2279 300 2342 ἔλαττον
320 2278 383 2362 ἄρα
402 2274 471 2341 ἐστὶ
489 2277 526 2341 τὸ
545 2279 645 2340 ΑΕΖ
663 2285 724 2340 τοῦ
742 2280 814 2341 HA
821 2281 858 2341 Θ.
893 2275 1014 2360 ὁμοίως
1032 2272 1067 2340 δὲ
1085 2275 1163 2339 δείκ-

112 2395 146 2444 ιο
164 2408 272 2468 νυται,
295 2384 346 2449 ὅτι
368 2381 423 2449 καὶ
445 2382 580 2448 πάντων
600 2393 667 2447 τῶν
686 2383 741 2447 διὰ
765 2391 825 2447 τοῦ
849 2379 966 2460 ἄξονος
987 2382 1161 2468 τριγώνων·
1243 2445 1244 2466 1

166 2491 339 2576 ἐλάχιστον
365 2492 429 2576 ἄρα
457 2491 494 2556 τὸ
518 2492 620 2553 ΕΑΖ
647 2487 781 2554 κᾶντων
804 2499 871 2554 τῶν
894 2488 950 2553 διὰ
973 2497 1033 2554 τοῦ
1056 2487 1162 2566 ἄξονος
1243 2487 1245 2546 ἓ

164 2599 345 2683 τριγώνων.
383 2597 483 2662 τιᾶλιν
506 2593 575 2660 ἐπεὶ
597 2605 665 2660 τών
683 2601 715 2660 Α
721 2599 759 2659 Η
762 2599 804 2678 Θ,
823 2598 924 2660 ΑΓΔ
946 2595 1114 2680 τριγώνων
1131 2589 1164 2654 αἳ

164 2724 199 2765 τε
221 2701 333 2785 βᾶσεις
357 2709 425 2768 ἴσαι
452 2700 507 2767 καὶ
533 2703 553 2786 A
582 2701 645 2768 ἀπὸ
673 2711 730 2785 τῆς
751 2711 901 2788 κορυφῆς
928 2699 981 2766 ἐπὶ
1004 2703 1064 2785 τὴν
1085 2700 1162 2782 ἄιγο-

164 2811 282 2892 τομίαν
305 2817 362 2892 τῆς
384 2809 510 2893 βᾶσεως
532 2807 552 2891 A
576 2808 674 2892 αὐτή,
696 2805 751 2872 καὶ
775 2811 839 2892 ἔχει
862 2809 882 2892 A
906 2811 977 2871 HA
999 2809 1081 2894 πρὸς
1101 2807 1162 2870 ΑΘ
1243 2787 1245 2898 A

113 2929 146 2980 κο
165 2917 295 2999 μείζονα
318 2917 419 2998 λόγον
441 2916 523 3002 ἤπερ
546 2914 567 2998 A
587 2918 648 2980 ΓΑ
670 2915 752 3001 πρὸς
770 2921 851 2980 ΑΛ·
876 2919 944 2979 ἴσαι
967 2915 1030 3002 γᾶρ
1050 2916 1086 2980 αἱ
1101 2915 1162 2993 ΓΑ,
1243 2901 1244 2982 ss

236 3221 259 3271 3.
283 3215 440 3285 ἀπώτερον]
458 3232 490 3283 p,
518 3212 657 3280 ἀπώτερον
675 3212 723 3267 Vc.
811 3220 852 3268 10.
882 3213 985 3286 A(pr.)]
1010 3213 1082 3268 ἐστιν
1104 3211 1117 3266 ὁ
1137 3227 1159 3279 p.

200 3284 349 3358 κεκλίσθω]
368 3305 400 3356 p,
424 3287 576 3339 κεκλείσθω
599 3283 676 3339 Vve.
768 3291 809 3338 11.
829 3282 891 3367 μέν]
914 3302 989 3355 vop,
1013 3298 1159 3354 suprascr.

164 3375 200 3412 m.
220 3357 280 3412 IV·
306 3433 321 3480 9
338 3353 882 3482 ΙΙᾶΙΑΛΘΗᾶξΙΙᾶΠΕῂῃιθᾶἄῃξᾶώῗᾶἄοενΙ-ξ-
889 3373 927 3480 ἄῖ
944 3446 961 3480 τ
971 3352 1160 3496 Ῑιῖώᾶἄᾶνξᾶξξ

164 3435 301 3634 ἷὲἱρ.Α1
322 3470 364 3551 Aa
385 3427 456 3567 ἐκώ]
479 3516 511 3566 p,
533 3443 584 3549 ἐώᾶ
597 3495 651 3550 Vc.
677 3469 681 3478 Ι
730 3447 772 3550 ἳᾶ.
793 3496 862 3570 ἴσαι]
882 3471 939 3552 ἴσαι
958 3447 1011 3552 glay(
1027 3516 1055 3568 p.
1124 3466 1159 3548 κώ.

292 3582 394 3621 econ.
413 3586 439 3635 p.
