2574 3934
170 174 213 238 28
438 175 525 227 ΠΕΡΙ
542 175 757 228 ΚΤΛΙΝΔΡΟΤ
775 177 911 228 ΤΟΜΗΣ.

238 318 288 382 ὅτι
319 315 379 402 μὲν
412 319 473 383 οὐκ
501 317 591 383 ἐστιν
619 316 871 404 εὐθύγραμμον,
899 320 1011 402 δήλον.
1061 320 1093 382 εί
1122 319 1197 404 γὰρ

171 424 326 508 δυνατόν,
349 427 431 490 ἔστω
455 424 706 511 εὐθύγραμμον,
729 424 784 490 καὶ
809 427 960 510 είλήῳθω
983 425 1113 510 πλευραί
1137 447 1199 500 τις

172 530 275 595 αὐτοῦ
298 529 318 612 ή
343 533 413 595 ΓΕ.
459 530 527 596 ἐπεὶ
550 526 613 597 οὐν
635 529 688 596 ἐπὶ
706 541 764 615 τῆς
782 531 974 617 ἐπιφανείας
991 539 1051 596 τοῦ
1069 533 1196 596 κυλίν-

172 639 255 722 δρου
282 635 345 703 δύο
373 650 490 722 σημεῖα
517 644 666 720 είληπται
693 640 732 703 τδι
760 641 802 722 Γ,
820 644 852 703 Ε
877 640 920 723 μή
945 640 1027 704 ὄντα
1050 635 1102 702 ἐπὶ
1126 647 1195 721 τῆς

137 755 152 804 5
171 746 272 828 αὐτής
289 750 434 830 πλευρᾶς
452 754 512 810 τοῦ
530 747 724 831 κυλίνδρου·
752 745 772 829 ή
791 747 855 831 γδιρ
874 747 1002 830 πλευρδι
1018 744 1100 809 κατὰ
1121 743 1192 808 δύο

171 864 287 944 σημεία
319 851 360 915 οὐ
387 850 496 935 τέμνει
523 853 584 935 τήν
611 850 768 934 τοιαύτην
794 852 959 938 γραμμήν*
1000 851 1021 934 ή
1051 852 1116 936 ἄρα
1144 851 1192 914 τὰ

144 1011 146 1018 .
173 961 214 1042 Γ,
237 964 269 1023 Ε
289 969 406 1041 σημεῖα
429 955 686 1040 ἐπιζευγνύουσα
709 958 824 1024 εὐθεῖα
843 956 895 1023 ἐπὶ
913 967 971 1041 τής
990 956 1192 1041 ἐπιφανείας

172 1062 240 1129 ἐστὶ
263 1072 324 1128 τοῦ
346 1065 542 1150 κυλίνδρου·
573 1065 652 1151 ὅπερ
671 1063 839 1130 ἀδύνατον
858 1065 1001 1148 ἐδείχθη.
1038 1064 1099 1128 οὐκ
1119 1065 1191 1146 ἄρα

172 1169 288 1234 εὐθεῖαί
312 1168 402 1235 ἐστιν
424 1169 444 1253 ἡ
469 1175 533 1235 ΓΕ·
554 1173 699 1257 γραμμή·
732 1173 768 1236 τὸ
792 1173 856 1258 ἄρα
876 1174 976 1237 ΓΕΔ
995 1180 1102 1255 σχήμα
1121 1171 1189 1234 οὐκ

119 1286 153 1334 10
172 1275 263 1340 ἐστιν
284 1275 530 1362 εὐθύγραμμον.

239 1381 385 1448 δεικτέον
408 1385 460 1468 δή,
483 1385 533 1449 ὅτι
557 1381 636 1449 οὐδὲ
659 1385 787 1461 κύκλος.

239 1486 308 1554 ἐπεὶ
335 1490 398 1575 γὰρ
426 1491 463 1554 τὸ
491 1498 549 1573 τής
575 1492 674 1554 ΓΕΔ
697 1501 797 1575 τομής
820 1491 975 1556 ἐπίπεδον
998 1499 1043 1577 τῳ
1067 1497 1127 1552 τοῦ
1152 1495 1187 1553 A

171 1597 296 1662 κύκλου
319 1595 461 1684 ἐπιπέδῳ
486 1597 548 1661 οὐκ
571 1596 640 1661 ἐστι
658 1597 880 1683 παράλληλον,
903 1595 1124 1680 ἐκβαλλόμενα
1144 1597 1187 1660 τὰ

173 1703 308 1768 ε’πίπεδα
331 1715 421 1787 τεμεῖ
441 1705 575 1786 ἄλληλα.
616 1703 771 1787 τεμνέτω,
793 1701 849 1769 καὶ
873 1706 955 1768 ἔστω
979 1703 1074 1786 κοινή
1098 1704 1183 1786 τομή

121 1819 153 1867 15
173 1810 283 1874 αὐτῶν
311 1808 330 1892 ή
356 1812 438 1892 ΖΗ,
466 1807 521 1872 καλ
548 1809 603 1873 διὰ
626 1819 685 1874 τοῦ
709 1816 741 1874 Α
762 1809 902 1895 κέντρου
925 1811 1019 1893 ήχθω
1043 1807 1187 1885 κάθετος

172 1914 225 1981 ἐπὶ
247 1917 309 1999 τήν
331 1919 402 1979 ΖΗ
417 1914 437 1998 ή
459 1919 578 1998 ΘΑΗ,
601 1912 656 1979 καὶ
680 1917 736 1980 διδι
754 1926 811 2001 τής
832 1921 897 1982 ΘΑ
914 1913 1047 1981 καὶτοῦ
1066 1914 1186 1993 ἄξονος

173 2022 384 2105 ἐκβεβλήσθω
409 2021 565 2086 ἐπίπεδον
587 2032 707 2087 ποιοῦν
730 2022 766 2088 ἐν
788 2019 848 2107 μέν
870 2032 916 2110 τῳ
938 2023 1107 2110 κυλίνδρῳ
1130 2047 1187 2088 το-

174 2129 299 2212 μήντὸ
325 2131 393 2192 ΘΚ
417 2131 774 2215 παραλληλόγραμμον,
797 2130 834 2195 ἐν
857 2127 893 2194 δὲ
916 2139 955 2214 πή
980 2134 1079 2195 ΓΕΔ
1101 2139 1186 2215 τομή

174 2236 237 2324 τήν
260 2237 326 2299 ΓΔ
349 2234 496 2318 εὐθεῖαν,
518 2233 573 2300 καὶ
595 2245 652 2320 τής
671 2240 735 2300 ΓΔ
755 2238 830 2321 δίχα
849 2240 1028 2320 τμηθείσης
1045 2237 1129 2301 κατδι
1148 2239 1186 2303 τὸ

123 2352 157 2400 20
175 2346 207 2407 A
220 2343 380 2426 ήχθωσαν
398 2349 437 2427 τῇ
454 2345 525 2406 ΖΗ
536 2342 739 2427 παράλληλοι
757 2343 814 2407 διὰ
832 2339 892 2427 μὲν
909 2352 969 2408 τοῦ
985 2347 1015 2407 A
1028 2344 1049 2427 ἡ
1064 2346 1188 2426 EAM,

176 2451 231 2514 διὰ
255 2446 291 2513 δὲ
313 2458 373 2514 τοῦ
396 2454 429 2516 A
451 2448 472 2531 ἡ
495 2447 611 2521 ΝΛΞ·
644 2450 681 2513 αί
702 2450 765 2535 ὐίρα
785 2454 871 2532 ΜΕ,
890 2449 960 2523 ΝΞ
979 2450 1191 2535 παράλληλοί

176 2558 260 2621 είσιν
288 2555 453 2637 ἀλλήλαις.
498 2557 593 2638 ήχθω
620 2559 737 2620 τοίνυν
764 2557 820 2620 διὰ
846 2565 904 2639 τῆς
926 2560 1005 2620 ΕΜ
1028 2556 1187 2620 ἐπίπεδον

175 2661 386 2746 παράλληλον
417 2668 456 2744 τή
488 2661 583 2743 βοίσει
614 2669 674 2725 τοῦ
705 2662 887 2747 κυλίνδρου
918 2669 1039 2726 ποιοῦν
1071 2660 1107 2725 ἐν
1139 2671 1186 2749 τῳ

174 2767 342 2853 κυλίνδρῳ
361 2767 465 2850 τομήν
483 2767 543 2850 τὴν
559 2771 664 2832 ΟΕΠ
666 2773 717 2832 Μ·
736 2769 757 2852 ἡ
775 2773 881 2834 ΟΕΠ
890 2769 955 2854 ἄρα
969 2769 1050 2851 τομή
1064 2768 1187 2844 κύκλος

123 2883 156 2932 25
176 2871 275 2954 ἐστίν,
299 2866 339 2936 οὗ
363 2871 536 2957 διάμετρός
559 2871 649 2937 ε’στιν
671 2873 692 2956 ἡ
715 2878 786 2939 ΟΠ
805 2875 881 2958 δίχα
904 2870 1083 2957 τετμημένη
1102 2875 1186 2939 κατὰ

175 2980 212 3043 τὸ
241 2982 284 3042 A·
318 2959 395 3042 ἐπεὶ·
413 2978 475 3064 γὰρ
504 2988 570 3043 τῶν
593 2983 707 3064 ΛΟΓ,
731 2985 839 3045 ΛΠΔ
863 2982 1036 3067 τριγώνων
1059 2979 1186 3064 ὁμοίων

176 3088 284 3151 ὄντων
312 3090 385 3234 ἴση
394 3081 484 3149 ἐστὶν
510 3084 531 3168 ή
559 3087 623 3150 ΓΛ
645 3096 684 3171 τῇ
708 3091 790 3170 AA,
819 3093 873 3170 ίση
901 3089 964 3174 ἄρα
990 3085 1045 3152 καὶ
1072 3087 1093 3170 ή
1119 3093 1186 3154 OA

249 3318 289 3368 14
313 3331 359 3366 κο
360 3312 428 3380 νη
414 3311 483 3380 τομὴ
502 3313 607 3383 αὐτῶν]
628 3313 702 3367 αὐτῶ
703 3333 720 3366 ν
738 3313 820 3382 κιονή
838 3313 952 3383 τομήρ
1036 3320 1076 3368 18
1101 3317 1184 3387 τομῇ]

176 3399 267 3437 οωο.
323 3389 365 3437 21
386 3383 527 3454 Nmp,
548 3385 607 3441 Νιι,
586 3382 701 3437 ’·’.Αλό
756 3389 798 3438 24.
820 3385 922 3456 ΟΕΠ]
943 3385 1185 3456 OEHMHalley

177 3469 240 3505 eum
259 3452 361 3507 Comm.
435 3458 477 3508 26.
497 3401 607 3523 ἐπεί]ἐ
594 3449 680 3507 §.acc
744 3463 799 3508 τῶν
783 3473 856 3524 vp,
875 3454 977 3511 v5Ve.
1037 3458 1183 3528 Anah),

176 3525 261 3576 AHA
278 3523 331 3577 Vc.
405 3453 573 3594 ριγώνων]
546 3524 604 3594 ]p‚
623 3525 821 3590 τρίγωνονο
