2488 3938
166 158 230 221 116
435 160 523 210 nm
540 157 753 210 κυοιυοοου
771 133 906 213 woman.

163 314 235 379 ταῖς
261 301 404 385 ἀκτῖσιν,
432 307 495 367 είτε
517 299 600 366 ’καθ’
631 301 711 368 αὑτὸ
739 302 779 368 δν
801 304 837 368 τὸ
860 306 1026 388 τρίγωνον
1047 309 1112 368 ελτε
1143 301 1182 366 ἐν
1232 287 1233 296 ¹

164 410 275 496 κώνῳ,
303 410 502 493 συμβήσεται
530 409 587 484 τὰς
610 408 673 474 ἀπὸ
697 417 756 474 τοῦ
782 413 810 473 Θ
833 408 1018 496 φερομένας
1040 409 1182 484 ἀκτῖνας

166 501 384 591 ἐκπίπτούοας
407 516 462 581 διδι
485 524 544 580 τοῦ
570 519 675 580 ΑΒΓ
691 517 856 602 τριγώνου
878 529 988 582 ποιεῖν
1010 518 1046 582 τὸ
1069 520 1152 580 ΚΝ
1154 515 1185 588 Ξ

165 625 330 710 τρίγωνον
352 630 410 706 τῆς
432 631 525 698 σκιᾶς
548 623 664 706 ὅμοιον
686 622 726 688 ὃν
748 632 793 710 τῷ
817 626 925 687 ΑΒΓ.

130 741 146 788 5
237 734 345 795 Ταῦτα
369 731 400 794 εί
419 728 475 795 καὶ
497 729 632 814 ὀπτικῆς
649 733 794 816 θεωρίας
813 734 917 814 ἔχεται
936 729 993 796 καὶ
1011 731 1099 795 δοκεῖ
1118 730 1180 794 διὰ

164 845 262 901 τοῦτο
286 845 343 919 τῆς
365 837 534 922 παρούσης
556 841 777 924 πραγματείας
799 837 956 924 ἀλλότρια
980 833 1073 920 εἶναι,
1095 833 1175 901 ἀλλ’

166 939 227 1008 οὖν
251 942 355 1007 ἐκεῖνό
378 965 415 1024 νε
438 944 585 1029 φανερὸν
607 942 752 1027 γέγονεν,
775 944 825 1008 ὅτι
843 945 923 1008 ἄνευ
942 954 1007 1009 τῶν
1025 941 1097 1030 περὶ
1115 951 1178 1025 τῆς

165 1058 225 1113 τοῦ
261 1049 442 1134 κυλίνδρου
476 1047 532 1114 καὶ
563 1058 620 1134 τῆς
652 1059 711 1114 τοῦ
743 1051 853 1114 κώνου
889 1059 992 1135 τομῆς
1027 1049 1176 1116 ἐνταῦθα

166 1153 381 1239 δειχθέντων,
408 1164 466 1238 τῆς
491 1154 663 1234 ἐλλείψεως
692 1156 775 1239 λέγω
805 1155 860 1221 καὶ
887 1167 955 1222 τῶν
982 1155 1175 1242 ἁπτομένων

115 1272 149 1320 10
168 1263 269 1344 αὐτῆς
296 1261 453 1344 εὐθειῶν,
480 1262 647 1329 ἀδύνατον
674 1257 715 1345 ῆν
740 1273 939 1348 καταστῆσαι
962 1265 1000 1328 τὸ
1023 1272 1174 1328 τοιοῦτον

166 1371 351 1453 πρόβλημα·
389 1369 471 1432 ὥστε
502 1369 563 1434 οὐκ
595 1369 736 1454 ἀλόγως,
768 1369 851 1434 ιἰλλδι
882 1370 938 1434 διδι
970 1370 1031 1454 τῆν
1061 1371 1172 1455 χρείαν

167 1474 362 1560 ἐπεισῆλθεν
385 1475 403 1541 ὁ
425 1474 649 1562 περὶτούτων
672 1480 776 1559 λόγος.

239 1676 263 1722 1.
278 1665 347 1723 καθ’
361 1667 441 1740 αὑτό]
455 1685 505 1737 vc,
524 1633 624 1722 καθαίί
646 1669 677 1723 V.
736 1675 759 1722 6.
774 1666 976 1740 πραγματείας]
991 1685 1014 1737 c,
1033 1647 1168 1736 πραγμα”

167 1740 224 1793 Vv.
280 1745 320 1793 12.
340 1739 457 1810 τούτων]
475 1739 575 1794 τούτου
594 1756 616 1792 ο.
671 1739 704 1792 In
722 1740 789 1795 fine:
807 1739 884 1803 τέλος
901 1749 950 1795 τοῦ
970 1739 1001 1793 α’
1016 1758 1051 1794 m.
1070 1755 1119 1792 rec.
1135 1736 1167 1788 V.

167 1809 275 1864 Deinde
294 1809 411 1878 σερήνου
430 1808 579 1873 ἀντινοέως
597 1810 753 1879 φιλοσόφου
776 1812 840 1879 περὶ
858 1809 1008 1879 κυλίνδρου
1027 1818 1107 1879 τομῆς
1121 1833 1166 1863 ι·-

167 1917 225 1984 Ve,
254 1915 285 1969 τὸ
308 1895 353 1986 3⁰⁹
377 1916 440 1970 add,
460 1934 495 1970 m.
519 1933 571 1970 rec.
592 1917 628 1984 V;
661 1914 737 1979 τέλος
759 1925 808 1972 τοῦ
832 1917 894 1986 περὶ
917 1915 1066 1985 κυλίνδρου
1086 1923 1169 1983 τομῆς

168 1985 287 2054 σερήνου
306 1986 400 2042 Ambr.
420 1988 508 2041 A101
525 2006 584 2057 sup.
