2488 3938
165 168 208 231 66
436 171 524 222 ΠΕΡΙ
541 169 757 224 ΚΤΛΙΝΔΡΟΤ
775 172 912 226 ΤΟΜΗΣ.

638 409 702 451 κα.
1216 344 1217 422 ἐ

232 527 354 591 Κώνου
392 525 551 604 δοθέντος
586 525 642 592 καὶ
674 527 847 607 ἐλλείψεως
879 527 915 593 ἐν
947 528 1035 617 αὐτῷ
1068 527 1170 613 εὑρεῖν
1217 522 1218 578 λ

164 633 346 720 κύλινδρον
368 636 569 718 τεμνόμενον
591 642 631 718 τή
655 634 737 720 αὐτῇ
761 634 903 713 ἐλλείψει
926 644 986 699 τοῦ
1010 635 1127 730 κώνου.

232 761 314 823 ἐστω
342 757 360 823 ὁ
389 756 504 835 δοθεὶς
525 769 647 842 κῶνος,
675 754 715 824 οὗ
738 760 775 823 τὸ
800 760 856 824 διὰ
882 768 942 823 τοῦ
970 757 1088 837 ἄξονος
1113 759 1171 842 τρί-

129 881 274 948 ογωνον
301 865 338 928 τὸ
362 868 476 948 ΑΒΓ,
504 864 524 947 ή
553 861 589 928 δέ
616 866 756 930 δοθεῖσα
784 865 820 931 ἐν
843 866 932 954 αὐτῷ
955 868 1113 948 ἔλλειψις,
1137 858 1171 946 ἧς
1219 880 1220 936 λ

166 971 341 1057 διάμετρος
363 970 383 1053 ή
404 976 476 1054 ΖΕ,
499 971 571 1054 ήτις
593 970 803 1056 ἐκβεβλήσθω
828 970 881 1037 ἐπὶ
901 975 938 1037 τὸ
957 978 1000 1056 Δ,
1023 970 1079 1037 καὶ
1096 992 1170 1054 παρ-

164 1078 305 1160 ωκηιος
327 1085 366 1161 ιχ
392 1081 457 1140 ΖΔ
474 1076 495 1160 ἡ
514 1082 600 1161 AM,
623 1076 678 1142 και
701 1090 768 1144 τοι
792 1083 879 1163 ΒΜ,
897 1082 975 1144 ΜΓ
993 1078 1074 1163 μέση
1098 1075 1170 1142 ενι.
1220 1060 1221 1116 λ

164 1189 266 1266 λοχον
290 1186 371 1248 ἔστω
395 1182 415 1265 ή
435 1187 523 1268 MH,
546 1182 601 1248 καὶ
620 1184 803 1270 ἐπεζεύχθω
822 1186 842 1269 ἡ
861 1190 942 1269 ΑΗ,
961 1183 1017 1250 καὶ
1035 1186 1091 1250 διώ
1110 1193 1170 1248 τῶν
1221 1238 1222 1300 1

166 1295 194 1355 Ζ
217 1287 273 1354 καὶ
291 1294 323 1353 E
339 1293 483 1373 σημείων
501 1301 540 1376 τή
559 1297 591 1355 Α
597 1295 636 1355 Η
649 1293 853 1378 παράλληλοι
871 1294 1032 1376 ἤχθωσαν
1050 1293 1087 1356 αί
1104 1293 1171 1370 ΖΘ,

112 1413 145 1461 1ο
165 1400 277 1480 ΚΕΛ,
296 1394 350 1460 καὶ
370 1398 665 1482 συμπεπληρώσθω
685 1400 721 1463 τὸ
743 1402 808 1462 ΘΛ
826 1401 1169 1485 παραλληλόγραμμον.
1222 1418 1223 1484 χ

165 1505 223 1570 ἐὰν
246 1505 288 1590 δὴ
311 1505 483 1588 νοήσωμεν
505 1505 696 1591 κύλινδρον,
720 1501 761 1570 οὗ
781 1505 878 1588 βάσις
895 1501 956 1589 μὲν
974 1504 992 1570 ὁ
1011 1502 1086 1591 περὶ
1104 1501 1168 1567 διώ-

162 1634 283 1699 μετρον
305 1614 367 1697 τὴν
392 1614 460 1676 ΘΚ
479 1611 609 1694 κύκλος,
631 1612 668 1675 τὸ
692 1607 729 1675 δὲ
752 1612 808 1676 διὰ
830 1620 890 1676 τοῦ
913 1609 1031 1689 ύξονος
1052 1613 1167 1696 παραλ-
1223 1594 1224 1672 λ

163 1721 397 1805 ληλύμραμμον
419 1719 456 1782 τὸ
478 1721 552 1801 ΘΛ,
573 1719 664 1782 ἐσται
686 1715 741 1782 καί
765 1717 801 1782 ἐν
823 1727 868 1805 τῷ
891 1719 1059 1805 κυλίνδρῳ
1082 1715 1168 1801 τομή,

162 1821 202 1909 ής
223 1826 397 1911 διάμετρός
419 1823 509 1889 ἐστιν
531 1823 552 1908 ἡ
573 1829 644 1890 ΖΕ.
690 1824 811 1908 ὁμοίως
833 1825 875 1908 δή
897 1833 943 1912 τῷ
965 1826 1031 1912 πρὸ
1054 1826 1166 1889 τούτου

111 1946 143 1995 15
162 1932 354 2018 θεωρήματι
372 1931 582 2014 δειχθήσεται
599 1929 655 1995 καὶ
673 1929 694 2014 ἡ
713 1928 850 2018 δευτέρα
868 1932 1042 2019 διάμετρος
1056 1931 1076 2014 ή
1090 1929 1166 2010 αύτή
1225 1954 1226 2032 χ

163 2032 247 2102 οὖσα
269 2033 325 2100 καί
344 2045 446 2101 πᾶσαι
469 2037 506 2101 αί
521 2035 725 2122 τεταγμένως
748 2037 913 2123 ἀγόμεναι.
956 2038 1091 2125 εύρηται
1109 2039 1167 2121 ἄρα
1225 2037 1226 2050 ’

162 2143 351 2228 κύλινδρος,
373 2141 410 2220 ὃς
432 2140 581 2226 τέμνεται
599 2153 638 2230 τή
658 2146 796 2230 δοθείσῃ
816 2144 958 2223 ἐλλείψει
976 2153 1036 2209 τοῦ
1055 2141 1167 2209 δοθέν-

162 2273 219 2328 τος
240 2251 364 2316 κώνου·
388 2249 467 2335 ὅπερ
491 2250 557 2314 ἔδει
579 2260 723 2336 ποιήσαι.

634 2533 699 2619 ιβ’.

109 2709 144 2759 20
229 2694 422 2780 Κυλίνδρου
446 2691 605 2771 δοθέντος
627 2692 683 2759 καὶ
707 2693 879 2773 ἐλλείψεως
900 2695 936 2760 ἐν
954 2695 1044 2784 αὐτῷ
1063 2696 1166 2778 εὑρεῖν

162 2811 272 2866 κῶνον
294 2802 493 2883 τεμνόμενον
516 2810 555 2886 τή
578 2800 661 2886 αὐτῇ
685 2800 826 2879 ἐλλείψει
848 2810 908 2866 τοῦ
931 2804 1120 2890 κυλίνδρου.

234 3107 258 3156 6.
282 3099 472 3192 ἐκβεβλήσθω]
497 3097 560 3172 έκβε
583 3101 651 3154 extr.
670 3099 719 3153 lin.
740 3117 762 3154 0.
843 3097 904 3172 ἐπί]
927 3101 976 3156 καλ
996 3098 1163 3172 συμπιπτέτω

161 3182 195 3246 τῇ
214 3176 270 3226 ΒΓ
284 3191 357 3226 κατα
374 3189 401 3240 p.
482 3171 523 3242 Δ]
541 3187 616 3240 vop,
640 3187 741 3225 eeorr.
761 3189 798 3227 m.
819 3176 832 3225 1
852 3171 885 3226 V.
973 3179 996 3228 7.
1016 3175 1093 3246 ΑΜ]
1111 3174 1168 3228 AM

163 3243 355 3314 συμπίπτοντα
382 3250 416 3314 τῇ
438 3246 491 3334 {A
518 3240 684 3314 ἐκβληθείσχ
701 3241 785 3296 κατὰ
810 3242 842 3323 τὸ
868 3247 905 3296 Μ
924 3261 952 3312 p.
1043 3255 1098 3334 τών
1140 3261 1163 3313 Ρ,

160 3315 341 3454 ἷίήώρῖουοπ.
358 3313 700 3456 ἐίώώίώέινδροώέιλίίέδρώ]
710 3312 966 3455 θλίῗὶώιιῖίνδρούῖν
985 3314 1020 3442 gez
1034 3318 1163 3456 τοᾳύέωρέτώ

200 3455 308 3578 Ιώνδή]
328 3453 360 3510 δέ
378 3473 401 3510 ο.
493 3459 534 3508 18.
555 3452 622 3521 ὅπερ
642 3453 698 3508 ἔδει
715 3457 843 3528 ποιῆσαι]
863 3473 915 3510 om.
934 3475 962 3525 p.
1050 3464 1090 3513 19.
1110 3457 1163 3528 νβ’]

163 3541 216 3578 om.
263 3569 268 3579 .
