2504 3928
177 171 239 236 192
488 177 575 229 nm
593 176 721 228 Κααου
740 177 876 231 ΤοΜΗΣ.

174 341 286 401 νυται,
310 319 360 384 ὅτι
382 317 437 384 καὶ
459 319 594 386 πάντων
615 331 683 386 τών
705 323 936 407 παραλλήλους
958 322 1071 405 βάσεις
1093 320 1184 406 ἐχόν-
1233 380 1234 406 3

174 448 242 490 των
271 436 310 512 τῇ
339 428 411 490 M.
457 428 495 491 τὸ
526 430 628 492 AM
655 429 719 514 ἄρα
754 426 910 512 μέγιστόν
947 428 1016 494 ἐστι
1051 428 1185 494 πάντων

175 544 242 598 τών
269 535 500 619 παραλλήλους
527 533 640 617 βάσεις
666 534 810 618 ἐχόντων
837 545 877 622 τῇ
906 539 984 600 M·
1012 536 1090 622 ὅπερ
1118 536 1184 601 ἔδει

103 642 104 645 ’
177 638 289 717 δεῖξαι.
1234 642 1235 712 λ

141 782 156 828 τ
659 764 702 832 λ’.

239 888 315 955 Ἐᾶν
344 887 380 955 δὲ
407 889 427 973 ἡ
456 889 519 956 ἀπὸ
544 900 605 956 τοῦ
628 898 660 956 A
682 891 823 968 κάθετος
846 889 898 956 ἐπὶ
921 894 983 976 τήν
1008 896 1073 957 M
1095 891 1182 957 ἐλᾶτ-
1235 904 1236 970 λ

175 1021 242 1062 των
264 992 286 1085 ᾖ
308 1006 367 1082 τής
390 997 425 1063 ἐκ
448 1008 507 1062 τοῦ
532 997 687 1085 κέντρου,
714 1000 752 1063 τὸ
774 1001 877 1063 AM
900 998 961 1064 οὐκ
984 1002 1075 1064 ἔσται
1097 997 1181 1083 μέγι-

176 1122 255 1170 στον
285 1116 352 1170 τῶν
380 1106 439 1182 τὰς
467 1107 698 1190 παραλλήλους
728 1115 768 1191 τῇ
800 1109 866 1173 M
897 1104 1011 1189 βάσεις
1043 1105 1182 1190 ἐχόντων

176 1213 361 1296 τριγώνων·
384 1212 404 1295 ή
430 1208 466 1276 δὲ
489 1212 571 1296 αὐτή
595 1210 695 1290 δεῖξις
716 1210 772 1277 καὶ
794 1214 1001 1297 καταγραφή.

125 1334 158 1381 10
244 1316 312 1384 ἐπεὶ
340 1319 403 1404 γὰρ
431 1316 451 1400 ἡ
481 1322 548 1382 ΗΒ
576 1318 720 1383 ἑλᾶττων
746 1327 804 1403 τῆς
832 1317 867 1383 ἐκ
889 1327 949 1384 τοῦ
972 1318 1123 1406 κέντρου,
1144 1319 1180 1382 τὸ

176 1427 240 1510 ἄρα
259 1428 360 1490 HM
383 1426 444 1490 οὐκ
468 1427 558 1490 ἔσται
581 1424 735 1509 μέγιστον
757 1436 825 1490 τῶν
843 1428 1074 1511 παραλλήλους
1096 1425 1179 1513 αὐτῷ

176 1532 288 1616 βάσεις
315 1532 470 1616 ἐχόντων·
495 1531 629 1616 ἐδείχθη
652 1533 715 1616 γὰρ
738 1529 794 1597 καὶ
816 1535 948 1616 μείζονα
975 1532 1079 1597 αὐτοῦ
1105 1548 1178 1597 συν·
1237 1553 1238 1590 ὲ

178 1639 333 1724 ιστᾶμενα
354 1637 409 1703 καὶ
433 1638 589 1703 ἐλᾶττονα
613 1637 668 1703 καὶ
688 1645 751 1704 λ’σα.
788 1641 819 1704 εἰ
835 1636 895 1723 μὲν
914 1635 976 1705 οὖν
995 1642 1128 1704 ἔλαττον
1145 1639 1178 1701 τὸ

177 1751 282 1811 HM
313 1755 372 1811 τοῦ
406 1749 523 1829 ΗΕΖ,
560 1748 695 1811 ἔλαττον
724 1749 814 1811 ἔσται
843 1743 898 1811 καὶ
927 1747 964 1811 τὸ
995 1749 1094 1811 AM
1124 1753 1177 1809 τοῦ

125 1869 157 1916 15
177 1858 291 1937 ΑΕΖ,
319 1855 350 1917 εἰ
376 1850 412 1917 66
439 1857 549 1937 μεῖζον
576 1853 612 1917 τὸ
642 1855 748 1917 HM
770 1861 830 1917 τοῦ
855 1857 971 1935 ΗΕΖ,
999 1855 1108 1936 μεῖζον
1128 1848 1176 1916 καὶ

176 1961 213 2025 τὸ
237 1964 339 2024 AM
362 1968 421 2023 τοῦ
445 1963 556 2043 ΑΕΖ,
579 1956 634 2024 καὶ
658 1965 732 2024 λ’σου
755 1958 884 2043 ὁμοίως.

648 2153 711 2219 λα’.

240 2278 317 2344 Ἐὰν
340 2279 376 2344 ἐν
399 2284 552 2368 σκαλήνώ
576 2281 671 2366 κώνῳ
695 2276 854 2364 τμήθέντι
877 2279 934 2345 διὰ
956 2290 1015 2364 τῆς
1037 2286 1176 2365 κορυρής

178 2386 343 2464 ἐπιπέδοις
373 2385 425 2451 ἐπὶ
454 2390 674 2473 παραλλήλων
702 2385 831 2470 βάσεων
861 2389 1011 2470 ίσοσκελή
1042 2390 1175 2473 τρίγωνα

124 2509 158 2557 20
177 2505 291 2580 συστή,
315 2494 331 2560 6
356 2490 392 2560 δὲ
416 2492 503 2572 ἄξων
526 2502 585 2558 τοῦ
604 2495 714 2558 κώνου
733 2495 777 2578 μή
797 2493 940 2559 ἐλάττων
958 2487 979 2579 ᾖ
997 2501 1055 2577 τῆς
1073 2492 1106 2558 ἐκ
1122 2497 1174 2556 τοῦ

177 2600 314 2686 κέντρου
338 2611 395 2684 τῆς
418 2600 557 2685 βάσεως,
584 2602 621 2665 τὸ
646 2601 701 2666 διὰ
724 2609 783 2665 τοῦ
807 2598 924 2678 ἄξονος
947 2597 1108 2676 ἰσοσκελὲς
1128 2594 1174 2683 με’-

178 2724 292 2789 γιστον
320 2710 410 2771 ἔσται
437 2707 572 2772 πάντων
599 2718 667 2773 τῶν
695 2709 872 2773 ἰσοσκελῶν
900 2717 967 2773 τών
992 2701 1174 2790 συνισταμέ-

179 2837 262 2895 νων,
286 2811 339 2897 ἐφ’
365 2812 382 2876 ὃ
406 2811 504 2899 μέρος
526 2815 700 2898 προσνεύει
724 2813 741 2879 ὁ
766 2812 861 2892 ἄξων.

246 2923 327 2984 ἔστω
351 2931 465 3004 κῶνος,
489 2915 529 2984 οὗ
553 2919 640 2998 ἄξων
663 2918 723 3006 μὲν
746 2920 764 2986 6
788 2924 869 3004 AB,
892 2921 989 3005 βάσις
1012 2918 1049 2986 δὲ
1072 2921 1088 2987 ὁ
1110 2913 1174 3000 περὶ

179 3048 390 3056 ——-—-—-——-·--·—-—

250 3121 274 3169 2.
301 3114 332 3168 τὸ
361 3117 440 3167 ΑΓΔ
466 3145 499 3153 -
527 3121 552 3167 4.
579 3113 684 3185 δεῖξαι]
718 3130 771 3167 om.
797 3130 825 3183 p.
924 3117 948 3168 5.
977 3113 1017 3184 λ’]
1056 3129 1106 3168 om.
1128 3109 1173 3174 Vc,

179 3186 273 3256 nfflp.
352 3193 376 3239 8.
395 3183 456 3255 τᾶς]
476 3201 529 3239 om.
548 3202 574 3253 p.
658 3189 681 3239 9.
701 3184 718 3274 ή
737 3216 773 3224 -
790 3183 970 3309 καταγραφήέ
995 3183 1041 3238 ἐπὶ
1064 3181 1114 3254 γὰρ
1134 3187 1175 3268 τῇς

180 3259 265 3326 αὐτῆς
287 3263 471 3326 καταγραφῆς
492 3275 519 3324 p.
618 3260 658 3310 10.
683 3257 747 3328 γαρ]
769 3272 821 3310 om.
837 3273 864 3324 p.
969 3253 1085 3327 λᾶττων]
1108 3253 1173 3307 ἐλατ-

179 3346 235 3381 των
259 3326 314 3382 ἐστί
336 3347 363 3398 p.
451 3333 491 3381 12.
514 3327 583 3380 Post
605 3324 658 3396 γάρ
681 3327 745 3380 add.
765 3331 783 3393 †
801 3345 837 3380 m.
856 3343 910 3380 rec.
929 3327 956 3380 V
975 3327 1016 3397 (in
1039 3343 1092 3395 mg.
1110 3337 1172 3376 nunc

180 3397 252 3450 nihil
284 3400 449 3468 comparet).
552 3393 601 3453 καί
628 3429 661 3437 -
690 3398 792 3469 αὐτοῦ]
826 3399 912 3452 αὐτοῦ
939 3397 988 3452 καλ
1016 3395 1124 3466 μείζονα
1150 3409 1171 3460 p·

222 3474 263 3521 16,
291 3466 356 3540 καί]
384 3469 409 3523 εἰ
431 3465 462 3522 66
487 3467 547 3523 ἴσον
574 3485 600 3536 p.
696 3473 737 3522 1⁷.
765 3469 825 3541 λα’]
851 3485 904 3523 om.
923 3469 982 3539 Vc,
1009 3469 1073 3538 2'p
1098 3469 1124 3520 et
1143 3481 1171 3516 m.

182 3551 235 3588 *ου
258 3537 291 3591 V.
383 3544 424 3591 18.
453 3537 499 3609 ἐν]
523 3557 554 3608 p,
581 3554 634 3592 om.
658 3539 735 3594 Vve.
825 3537 976 3611 τμηθέντι]
1005 3557 1058 3595 om.
1080 3555 1105 3608 p.
