2592 3932
178 190 243 253 266
488 192 576 243 ΠΕΡΙ
594 191 722 243 μανον
740 192 877 246 νοΜΗε.

179 339 259 399 AM
281 345 320 420 τῇ
348 338 428 399 AH.
475 332 544 399 ἐπεὶ
571 331 634 400 οὖν
661 333 681 416 ἡ
709 329 770 418 μέν
793 339 864 399 AA
890 337 1007 420 μείζων
1035 332 1106 399 ἐστὶ
1134 343 1195 419 τῆς

178 446 259 525 ΑΒ,
292 440 311 524 ἡ
345 438 381 506 δὲ
408 446 474 506 ΑΒ
507 440 568 506 οὐκ
600 440 749 506 ἐλάσσων
780 450 838 525 τῆς
867 446 948 525 BH,
980 440 999 524 ἡ
1028 443 1094 526 ἄρα
1123 446 1194 505 ΑΛ
1283 486 1284 570 η

178 551 296 631 μείζων
333 547 423 614 ἐστὶν
460 546 613 634 ἑκατέρας
648 559 716 612 τῶν
747 553 829 632 AB,
863 553 939 613 BH.
994 546 1014 630 ἡ
1047 545 1084 613 δὲ
1121 552 1198 612 ΛΗ
1283 603 1284 608 ,

179 654 323 720 ε’λοίττων
346 652 499 740 ἑκατέρας
521 665 589 720 τῶν
611 660 692 738 AB,
716 659 798 719 BH·
821 666 889 720 τῶν
913 657 977 740 ἄρα
1000 659 1080 738 AB,
1107 658 1192 739 BH,

143 767 260 845 5AA,
294 765 370 826 ΛΗ
397 765 531 845 μεγίστη
562 758 622 846 μὲν
650 761 670 844 ἡ
699 766 782 845 ΑΛ,
815 759 967 846 ἐλαχίστη
996 759 1033 826 δὲ
1060 761 1080 843 ἡ
1112 766 1192 826 AH.
1284 778 1285 852 η

178 867 250 933 ἀλλ’
271 867 292 951 ἡ
316 865 376 954 μέν
400 872 473 933 ΒΗ
491 878 530 953 τῇ
554 871 622 932 ΒΓ
640 867 730 933 έστιν
754 874 822 951 ίση,
848 867 868 951 ἡ
891 864 929 932 δὲ
952 873 1021 932 AA
1043 879 1082 954 τῇ
1108 873 1192 951 ΛΕ,

177 974 198 1057 ἡ
226 971 263 1040 δέ
290 979 377 1058 AH,
408 973 578 1040 τουτέστιν
606 973 627 1057 ἡ
656 979 744 1059 AM,
776 984 816 1060 τη
844 979 921 1059 ΕΖ,
954 975 999 1051 ὡς
1026 972 1192 1059 δείξομεν·

177 1093 244 1147 τῶν
267 1083 331 1168 ἄρα
354 1085 435 1164 AB,
464 1084 539 1164 ΒΓ,
568 1087 650 1165 ΔΕ,
673 1086 736 1145 ΕΖ
760 1081 903 1146 εὐθειῶν
926 1085 1062 1166 μεγίστη
1084 1078 1148 1166 μὲν
1171 1081 1192 1165 ἡ
1285 1072 1286 1090 ’

178 1194 261 1273 ΔΕ,
285 1189 435 1272 ἐλαχίστη
458 1185 495 1251 δὲ
518 1186 538 1271 ἡ
562 1193 638 1252 ΕΖ·
663 1187 680 1253 ὃ
703 1187 872 1274 προέκειτο
897 1186 1009 1266 δείξαι.

127 1396 161 1446 10
657 1380 720 1452 vs'.

242 1506 318 1573 Ἐίιν
338 1508 400 1572 δύο
419 1507 548 1572 εὐθεῖαι
568 1512 636 1572 ίσαι
655 1506 850 1593 διῃρημέναι
869 1503 952 1571 ὦσιν
970 1507 1086 1591 οὕτως,
1107 1509 1192 1573 ὥστε

178 1613 233 1680 καὶ
264 1617 301 1681 τὸ
333 1614 398 1679 ὑπὸ
431 1626 498 1680 τῶν
527 1612 704 1699 τμημάτων
731 1622 789 1697 τῆς
816 1611 928 1699 ἑτέρας
953 1623 998 1701 τῷ
1026 1613 1092 1678 ὑπὸ
1122 1625 1192 1680 τῶν
1287 1661 1288 1664 ¹

178 1724 354 1807 τμημάτων
377 1730 434 1805 της
458 1726 573 1803 λοιτιης
597 1726 671 1786 ίσον
694 1715 789 1804 εἶναι,
812 1717 868 1784 καὶ
890 1720 931 1784 τὰ
951 1722 1101 1804 τμὴματα
1120 1733 1192 1799 τοῖς

177 1832 341 1914 τμημασιν
365 1835 420 1893 ίσα
443 1831 533 1893 ἔσται
557 1824 710 1912 ἑκάτερον
734 1824 883 1914 ἑκατέρῳ.

127 1947 160 1996 15
245 1937 392 2000 ἔστωσαν
423 1934 552 2000 εὐθεῖαι
586 1940 654 1999 ίσαι
683 1933 840 2016 ἀλλήλαις
866 1935 904 1998 αί
931 1937 1058 2017 ΑΛΜ,
1086 1938 1190 2000 ΔΕΖ

180 2040 374 2128 ὃιηρημέναι
392 2042 474 2105 κατα
492 2041 533 2105 τὰ
553 2046 584 2105 A
602 2038 657 2105 καὶ
675 2045 708 2104 Ε
723 2051 851 2124 σημεῖα,
870 2041 953 2105 ὥστε
971 2041 1008 2104 τὸ
1027 2039 1093 2104 ὑπὸ
1109 2045 1190 2124 ΑΛ,

178 2154 259 2214 AM
273 2153 347 2213 ίσον
365 2141 451 2212 εἶναι
470 2156 515 2234 τῷ
534 2147 599 2212 ὑπὸ
618 2159 685 2213 τῶν
703 2152 779 2231 ΔΕ,
798 2152 870 2212 ΕΖ.
908 2145 1002 2231 λέγω,
1026 2146 1077 2212 ὅτι
1098 2145 1190 2212 ἐστίν

179 2263 231 2340 ίση
255 2255 274 2339 ἡ
299 2258 367 2320 ΑΛ
389 2263 429 2340 τῇ
452 2257 529 2318 ΛΕ.

244 2360 313 2428 ἐπεὶ
337 2368 391 2444 ίση
415 2359 435 2443 ἡ
460 2364 538 2424 ΑΜ
558 2370 597 2446 τῇ
620 2365 702 2443 AZ,
725 2358 781 2424 καὶ
804 2360 841 2424 αί
861 2359 1006 2445 ἡμίσειαι
1029 2362 1095 2446 ίίρα
1119 2367 1188 2425 ίσαι

126 2480 160 2529 20
179 2472 272 2535 είσίν.
323 2470 405 2535 ὥστε
437 2465 492 2532 καὶ
524 2468 561 2531 τὸ
595 2465 658 2531 ἀπὸ
691 2476 748 2550 της
778 2467 927 2552 ἡμισείας
953 2476 1011 2552 τῆς
1037 2471 1121 2532 ΑΜ
1143 2477 1187 2555 τῷ

178 2575 241 2641 ἀπὸ
269 2585 327 2659 της
353 2576 502 2660 ἡμισείας
529 2583 587 2656 της
608 2578 675 2638 AZ
702 2579 776 2638 ίσον
800 2572 898 2639 ἐστίν.
945 2575 975 2638 εί
996 2570 1056 2659 μέν
1080 2571 1186 2657 οὖνὴ

178 2685 259 2745 ΑΜ
277 2681 353 2764 δίχα
375 2679 527 2764 τέτμηται
550 2680 631 2743 κατὰ
654 2681 691 2744 τὸ
717 2683 757 2763 A,
783 2683 841 2744 καί
861 2680 930 2746 ε’στι
953 2682 990 2745 τὸ
1013 2681 1079 2746 ὑπὸ
1103 2687 1187 2765 ΑΛ,

178 2790 258 2850 AM
271 2786 308 2849 τὸ
328 2785 391 2850 ἀπὸ
410 2795 468 2869 τῆς
486 2783 644 2869 ἡμισείας,
663 2783 718 2850 καὶ
736 2785 756 2869 ἡ
772 2792 805 2851 A
811 2791 838 2850 Z
858 2788 921 2872 ἄρα
940 2787 1016 2871 δίχα
1034 2787 1187 2872 τέτμηται

176 2893 258 2957 κατὰ
280 2893 318 2956 τὸ
337 2897 376 2977 Ε,
400 2891 511 2976 έτιειδὴ
535 2892 571 2955 τὸ
594 2891 660 2956 ὑπὸ
683 2897 760 2976 ΔΕ,
779 2897 842 2957 ΕΖ
866 2899 940 2958 ίσον
963 2891 1032 2958 ἐστὶ
1054 2903 1101 2982 τῷ
1124 2894 1188 2960 ἀπὸ

124 3011 158 3060 25
177 3010 234 3083 τῆς
256 3001 404 3085 ἡμισείας
426 3007 484 3082 τῆς
502 3002 587 3082 AM,
613 2997 762 3063 τουτέστι
784 3008 841 3084 τῆς
864 2999 1013 3084 ἡμισείας
1035 3010 1094 3085 τὴς
1112 3007 1187 3067 ΛΖ.

236 3128 390 3135 ---—-—-..

248 3199 271 3247 3.
291 3192 309 3262 ἡ
328 3189 603 3262 ⁸5-4.13H(pr.)]
623 3207 677 3245 om.
692 3209 718 3261 p.
788 3198 812 3246 8.
832 3188 895 3264 μέν]
915 3189 966 3260 μέν
986 3192 1060 3247 ἐστιν
1078 3211 1105 3262 p.
1163 3199 1186 3248 9.

177 3261 192 3317 ὃ
207 3260 351 3332 προέκειτο
366 3262 467 3333 δεῖξαι]
487 3278 539 3316 om.
549 3279 576 3330 p.
636 3268 677 3316 10.
697 3261 757 3333 νς’]
773 3279 826 3317 om.
836 3262 870 3330 V,
890 3262 937 3317 vae'
947 3281 974 3333 p.
1031 3269 1072 3317 11.
1088 3262 1176 3327 οὕτως

177 3351 231 3402 vp,
251 3350 331 3387 euan.
350 3333 383 3403 V,
402 3349 459 3401 rep.
478 3350 533 3401 mg.
554 3350 589 3385 m.
609 3347 663 3386 rec.
737 3337 778 3387 12.
798 3330 862 3405 καί]
882 3351 935 3389 om.
954 3351 981 3404 p.
1055 3341 1096 3389 13.
1117 3344 1175 3397 τοῖς

178 3419 280 3457 ecorr.
299 3423 325 3472 p.
418 3409 458 3457 14.
484 3401 616 3470 ἑκάτερον
636 3399 772 3527 ἑαατέριμρ
787 3420 840 3459 om.
860 3422 887 3473 p.
981 3411 1020 3460 16.
1041 3403 1120 3477 ὥστε]
1140 3427 1176 3461 κα

180 3470 289 3592 ἔστωμ
345 3479 386 3527 17.
407 3468 493 3543 εἶναι]
513 3489 566 3526 om.
581 3491 607 3540 p.
664 3472 737 3528 ἐστίν
768 3475 813 3545 οη]
834 3473 878 3544 ίση
894 3473 967 3530 ἐστίν
985 3493 1012 3545 p.
1069 3482 1109 3530 19.
1128 3475 1185 3548 ίση]

178 3538 231 3606 γὰρ
262 3558 294 3609 ση
314 3539 387 3596 ἐστίν
406 3561 432 3610 p.
523 3547 565 3596 23.
586 3540 633 3612 τό]
653 3541 769 3616 ίσοντῷ
787 3562 814 3613 p.
887 3546 921 3618 ἡ]
940 3564 971 3616 p,
996 3562 1049 3601 om.
1069 3547 1101 3601 V.
