2488 3938
332 202 398 252 ,DE
416 199 593 251 SEOTIONE
612 200 791 253 CYLINDRI.
1032 197 1073 261 67

529 359 615 426 XXI.

134 463 222 532 (lonc
260 468 337 532 dato
374 472 407 532 et
442 467 478 530 in
509 489 547 531 eo
570 467 684 555 =ellipsi
716 467 898 551 cylindrum
929 467 1076 532 inuenire

74 573 178 637 cadem
201 575 274 640 coni
297 575 404 660 ellipsi
427 579 560 639 sectum.

133 679 178 759 sit
200 681 294 745 datus
319 703 429 766 conus,
452 681 542 746 cuius
560 680 743 767 triangulus
762 703 820 765 per
838 703 931 745 axem
948 680 1076 764 positus

74 783 112 847 sit
134 790 199 851 AB
206 790 247 872 T,
272 787 307 850 in
330 809 369 851 eo
393 791 502 852 autem
526 787 602 851 data
625 786 761 872 ellipsis,
784 786 875 852 cuius
900 785 1076 851 diametrus

74 893 146 976 ZE,
174 915 255 977 quae
284 895 325 957 ad
347 899 381 961 Δ
408 894 619 979 producatur,
646 897 728 957 AM
748 897 857 958 autem
880 897 987 958 rectae
1012 895 1077 958 ΖΔ

228 1082 520 1892 r

352 1184 963 1910 silk

185 1875 216 1924 B
334 1897 635 1952 enarr

76 2046 229 2131 parallelo,
251 2050 476 2128 rectarumque
495 2048 585 2128 ΒΜ,
603 2048 681 2109 ΜΓ
698 2044 806 2110 media
822 2046 1076 2130 proportionalis

78 2150 117 2214 sit
142 2157 231 2238 MH,
262 2157 295 2217 et
323 2154 459 2218 ducatur
487 2155 575 2234 ΛΗ,
606 2173 665 2237 per
691 2156 814 2236 puncta
841 2156 949 2217 autem
978 2156 1020 2238 Z,
1047 2159 1079 2219 E

77 2263 174 2323 rectae
192 2263 270 2325 AH
287 2259 460 2343 parallelae
483 2258 642 2323 ducantur
662 2260 739 2342 ΖΘ,
758 2261 874 2342 ΚΕΛ,
897 2259 1077 2343 expleatur-

78 2385 134 2449 que
170 2366 509 2452 parallelogrammum
550 2369 623 2430 ΘΛ.
683 2364 711 2429 si
751 2364 854 2450 igitur
895 2365 1076 2449 cylindrum

76 2470 263 2556 finxerimus,
287 2472 377 2536 cuius
401 2472 488 2537 basis
512 2471 556 2537 sit
580 2470 718 2537 circulus
742 2471 863 2536 circum
882 2468 1075 2536 diametrum

78 2580 151 2662 ΘΚ,
168 2578 507 2664 parallelogrammum
526 2583 635 2643 autem
653 2599 711 2662 per
729 2599 821 2643 axem
835 2576 979 2661 positum
995 2582 1076 2663 ΘΛ,

77 2684 166 2752 etiam
188 2687 223 2750 in
246 2685 392 2771 cylindro
416 2685 515 2751 sectio
535 2686 606 2771 erit,
629 2685 720 2750 cuius
740 2684 916 2750 diametrus
934 2689 985 2750 est
1005 2690 1075 2750 ΖΕ.

77 2788 177 2878 itaque
201 2793 315 2858 eodem
337 2792 445 2876 modo,
474 2814 538 2877 quo
561 2793 596 2858 in
618 2791 822 2876 praecedenti
844 2790 1077 2878 propositione,

79 2895 378 2985 demonstrabimus,
413 2899 513 2964 etiam
550 2899 685 2964 alteram
717 2899 911 2964 diametrum
943 2899 1077 2963 eandem

78 3024 139 3070 esse
162 3028 337 3091 omnesque
359 3010 465 3072 rectas
489 3005 636 3072 ordinate
659 3006 780 3071 ductas.
822 3025 901 3091 ergo
923 3004 1075 3069 inuentus

76 3117 121 3176 est
141 3114 313 3198 cylindrus,
338 3113 393 3196 qui
415 3114 492 3178 data
514 3112 620 3196 ellipsi
644 3112 712 3177 dati
735 3111 808 3177 coni
828 3115 968 3197 secatur3
991 3110 1077 3194 quod

75 3217 138 3284 fieri
161 3220 343 3304 oportebat.

521 3322 624 3390 XXII.

137 3431 292 3519 Cylindro
330 3433 405 3497 dato
442 3437 475 3497 et
510 3432 545 3496 in
577 3454 615 3497 eo
646 3431 751 3516 ellipsi
784 3451 901 3495 conum
931 3427 1077 3495 inuenire

74 3540 178 3605 eadem
202 3538 310 3623 ellipsi
333 3537 469 3623 cylindri
493 3543 625 3604 scotum.

880 3638 915 3691 ὃ*
