<?xml version="1.0" encoding="UTF-8"?>
<!DOCTYPE html PUBLIC "-//W3C//DTD XHTML 1.0 Transitional//EN"
    "http://www.w3.org/TR/xhtml1/DTD/xhtml1-transitional.dtd">
<html xmlns="http://www.w3.org/1999/xhtml" xml:lang="en" lang="en">
 <head>
  <title>
</title>
<meta http-equiv="Content-Type" content="text/html;charset=utf-8" />
  <meta name='ocr-system' content='tesseract 3.04.00' />
  <meta name='ocr-capabilities' content='ocr_page ocr_carea ocr_par ocr_line ocrx_word'/>
</head>
<body>
  <div class='ocr_page' id='page_1' title='image "./sereniantinoens00heibgoog_0283.png"; bbox 0 0 2592 3932; ppageno 0'>
   <div class='ocr_carea' id='block_1_1' title="bbox 179 163 875 226">
    <p class='ocr_par' dir='ltr' id='par_1_1' title="bbox 179 163 875 226">
     <span class='ocr_line' id='line_1_1' title="bbox 179 163 875 226; baseline 0.003 -10"><span class='ocrx_word' id='word_1_1' title='bbox 179 163 245 226; x_wconf 83' lang='grc'><strong><em>256</em></strong></span> <span class='ocrx_word' id='word_1_2' title='bbox 489 166 576 216; x_wconf 83' lang='grc' dir='ltr'><strong><em>ΠΕΡΙ</em></strong></span> <span class='ocrx_word' id='word_1_3' title='bbox 593 163 721 216; x_wconf 75' lang='grc' dir='ltr'><strong>ΚΩΝΟΤ</strong></span> <span class='ocrx_word' id='word_1_4' title='bbox 739 164 875 218; x_wconf 84' lang='grc' dir='ltr'><strong>ΤΟΜΗΣ.</strong></span> 
     </span>
    </p>
   </div>
   <div class='ocr_carea' id='block_1_2' title="bbox 128 303 1196 1350">
    <p class='ocr_par' dir='ltr' id='par_1_2' title="bbox 128 303 1196 1350">
     <span class='ocr_line' id='line_1_2' title="bbox 180 303 1196 395; baseline 0 -22"><span class='ocrx_word' id='word_1_5' title='bbox 180 303 242 374; x_wconf 83' lang='grc' dir='ltr'><strong><em>οὖν</em></strong></span> <span class='ocrx_word' id='word_1_6' title='bbox 269 317 314 395; x_wconf 77' lang='grc' dir='ltr'><strong><em>τῷ</em></strong></span> <span class='ocrx_word' id='word_1_7' title='bbox 338 311 382 393; x_wconf 89' lang='grc' dir='ltr'><strong><em>Β,</em></strong></span> <span class='ocrx_word' id='word_1_8' title='bbox 409 309 605 392; x_wconf 77' lang='grc' dir='ltr'><strong><em>διαστήματι</em></strong></span> <span class='ocrx_word' id='word_1_9' title='bbox 632 304 669 372; x_wconf 72' lang='grc' dir='ltr'><strong><em>δὲ</em></strong></span> <span class='ocrx_word' id='word_1_10' title='bbox 691 307 901 395; x_wconf 81' lang='grc' dir='ltr'><strong><em>ὁποτερφοῦν</em></strong></span> <span class='ocrx_word' id='word_1_11' title='bbox 924 318 992 372; x_wconf 83' lang='grc' dir='ltr'><strong><em>τῶν</em></strong></span> <span class='ocrx_word' id='word_1_12' title='bbox 1014 311 1097 390; x_wconf 89' lang='grc' dir='ltr'><strong><em>ΒΑ,</em></strong></span> <span class='ocrx_word' id='word_1_13' title='bbox 1129 312 1196 373; x_wconf 89' lang='grc' dir='ltr'><strong><em>ΒΓ</em></strong></span> 
     </span>
     <span class='ocr_line' id='line_1_3' title="bbox 178 397 1193 499; baseline 0.002 -21"><span class='ocrx_word' id='word_1_14' title='bbox 178 413 359 499; x_wconf 79' lang='grc' dir='ltr'><strong><em>γεγράφθω</em></strong></span> <span class='ocrx_word' id='word_1_15' title='bbox 391 397 511 491; x_wconf 85' lang='grc' dir='ltr'><strong><em>κύκλος</em></strong></span> <span class='ocrx_word' id='word_1_16' title='bbox 537 413 556 479; x_wconf 83' lang='grc' dir='ltr'><strong>ὁ</strong></span> <span class='ocrx_word' id='word_1_17' title='bbox 583 417 731 497; x_wconf 90' lang='grc' dir='ltr'><em>ΑΕΖΓ,</em></span> <span class='ocrx_word' id='word_1_18' title='bbox 764 411 820 478; x_wconf 83' lang='grc' dir='ltr'><strong><em>καὶ</em></strong></span> <span class='ocrx_word' id='word_1_19' title='bbox 848 413 1127 497; x_wconf 75' lang='grc' dir='ltr'><strong><em>ἐκβεβλήσθωσαν</em></strong></span> <span class='ocrx_word' id='word_1_20' title='bbox 1155 417 1193 480; x_wconf 87' lang='grc' dir='ltr'><strong><em>αἴ</em></strong></span> 
     </span>
     <span class='ocr_line' id='line_1_4' title="bbox 179 520 1191 605; baseline 0.003 -21"><span class='ocrx_word' id='word_1_21' title='bbox 179 524 294 604; x_wconf 98' lang='grc' dir='ltr'><em>ΑΒΕ,</em></span> <span class='ocrx_word' id='word_1_22' title='bbox 325 525 442 604; x_wconf 86' lang='grc' dir='ltr'><em>ΑΛΖ,</em></span> <span class='ocrx_word' id='word_1_23' title='bbox 475 525 595 585; x_wconf 83' lang='grc' dir='ltr'><em>ΑΗΘ·</em></span> <span class='ocrx_word' id='word_1_24' title='bbox 630 527 683 603; x_wconf 99' lang='grc' dir='ltr'><strong><em>ἴση</em></strong></span> <span class='ocrx_word' id='word_1_25' title='bbox 716 521 779 605; x_wconf 80' lang='grc' dir='ltr'><strong><em>ἄρα</em></strong></span> <span class='ocrx_word' id='word_1_26' title='bbox 812 520 869 584; x_wconf 76' lang='grc' dir='ltr'><strong><em>διὰ</em></strong></span> <span class='ocrx_word' id='word_1_27' title='bbox 899 521 937 586; x_wconf 86' lang='grc' dir='ltr'><strong><em>τὸ</em></strong></span> <span class='ocrx_word' id='word_1_28' title='bbox 969 521 1032 605; x_wconf 90' lang='grc' dir='ltr'><strong><em>πρὸ</em></strong></span> <span class='ocrx_word' id='word_1_29' title='bbox 1065 523 1191 587; x_wconf 83' lang='grc' dir='ltr'><strong><em>τούτου</em></strong></span> 
     </span>
     <span class='ocr_line' id='line_1_5' title="bbox 179 622 1190 713; baseline 0.001 -21"><span class='ocrx_word' id='word_1_30' title='bbox 179 625 336 713; x_wconf 81' lang='grc' dir='ltr'><strong><em>θεώρημα</em></strong></span> <span class='ocrx_word' id='word_1_31' title='bbox 363 623 468 712; x_wconf 79' lang='grc' dir='ltr'><strong><em>ἡμὲν</em></strong></span> <span class='ocrx_word' id='word_1_32' title='bbox 489 631 553 692; x_wconf 90' lang='grc' dir='ltr'><strong><em>ΕΒ</em></strong></span> <span class='ocrx_word' id='word_1_33' title='bbox 576 637 615 712; x_wconf 78' lang='grc' dir='ltr'><strong><em>τῇ</em></strong></span> <span class='ocrx_word' id='word_1_34' title='bbox 638 630 714 709; x_wconf 91' lang='grc' dir='ltr'><strong><em>ΒΓ,</em></strong></span> <span class='ocrx_word' id='word_1_35' title='bbox 742 625 762 709; x_wconf 86' lang='grc' dir='ltr'><strong><em>ή</em></strong></span> <span class='ocrx_word' id='word_1_36' title='bbox 786 622 823 690; x_wconf 81' lang='grc' dir='ltr'><strong><em>δὲ</em></strong></span> <span class='ocrx_word' id='word_1_37' title='bbox 847 630 913 691; x_wconf 86' lang='grc' dir='ltr'><strong><em>ΖΔ</em></strong></span> <span class='ocrx_word' id='word_1_38' title='bbox 936 635 975 712; x_wconf 82' lang='grc' dir='ltr'><strong><em>τή</em></strong></span> <span class='ocrx_word' id='word_1_39' title='bbox 999 629 1079 711; x_wconf 92' lang='grc' dir='ltr'><strong><em>ΔΓ,</em></strong></span> <span class='ocrx_word' id='word_1_40' title='bbox 1108 625 1190 712; x_wconf 77' lang='grc' dir='ltr'><strong><em>ἡδὲ</em></strong></span> 
     </span>
     <span class='ocr_line' id='line_1_6' title="bbox 146 729 1191 825; baseline 0.002 -27"><span class='ocrx_word' id='word_1_41' title='bbox 146 743 161 790; x_wconf 83' lang='grc'>5</span> <span class='ocrx_word' id='word_1_42' title='bbox 182 738 252 798; x_wconf 79' lang='grc' dir='ltr'><strong><em>ΘΗ</em></strong></span> <span class='ocrx_word' id='word_1_43' title='bbox 268 745 307 820; x_wconf 84' lang='grc' dir='ltr'><strong><em>τή</em></strong></span> <span class='ocrx_word' id='word_1_44' title='bbox 325 736 402 798; x_wconf 91' lang='grc' dir='ltr'><strong><em>ΗΓ.</em></strong></span> <span class='ocrx_word' id='word_1_45' title='bbox 440 731 509 799; x_wconf 79' lang='grc' dir='ltr'><strong><em>ἐπεὶ</em></strong></span> <span class='ocrx_word' id='word_1_46' title='bbox 527 729 589 798; x_wconf 82' lang='grc' dir='ltr'><strong><em>οὖν</em></strong></span> <span class='ocrx_word' id='word_1_47' title='bbox 607 733 627 814; x_wconf 85' lang='grc' dir='ltr'><strong><em>ή</em></strong></span> <span class='ocrx_word' id='word_1_48' title='bbox 642 737 715 825; x_wconf 83' lang='grc' dir='ltr'><strong><em>ΙΑΕ</em></strong></span> <span class='ocrx_word' id='word_1_49' title='bbox 732 732 905 818; x_wconf 81' lang='grc' dir='ltr'><strong><em>θιοίμετρός</em></strong></span> <span class='ocrx_word' id='word_1_50' title='bbox 924 732 993 797; x_wconf 85' lang='grc' dir='ltr'><strong><em>ἐστι</em></strong></span> <span class='ocrx_word' id='word_1_51' title='bbox 1011 741 1072 798; x_wconf 83' lang='grc' dir='ltr'><strong><em>τοῦ</em></strong></span> <span class='ocrx_word' id='word_1_52' title='bbox 1086 739 1191 800; x_wconf 87' lang='grc' dir='ltr'><strong><em>ΑΕΖ</em></strong></span> 
     </span>
     <span class='ocr_line' id='line_1_7' title="bbox 178 836 1191 927; baseline 0.002 -23"><span class='ocrx_word' id='word_1_53' title='bbox 178 841 317 923; x_wconf 92' lang='grc' dir='ltr'><strong><em>κύκλου,</em></strong></span> <span class='ocrx_word' id='word_1_54' title='bbox 345 843 479 925; x_wconf 80' lang='grc' dir='ltr'><strong><em>μεγίστη</em></strong></span> <span class='ocrx_word' id='word_1_55' title='bbox 507 836 567 924; x_wconf 71' lang='grc' dir='ltr'><strong><em>μὲν</em></strong></span> <span class='ocrx_word' id='word_1_56' title='bbox 594 841 658 924; x_wconf 71' lang='grc' dir='ltr'><strong><em>ἄρα</em></strong></span> <span class='ocrx_word' id='word_1_57' title='bbox 684 849 752 903; x_wconf 86' lang='grc' dir='ltr'><strong><em>τῶν</em></strong></span> <span class='ocrx_word' id='word_1_58' title='bbox 779 838 816 904; x_wconf 81' lang='grc' dir='ltr'><strong><em>ἐν</em></strong></span> <span class='ocrx_word' id='word_1_59' title='bbox 843 847 889 927; x_wconf 82' lang='grc' dir='ltr'><strong><em>τῷ</em></strong></span> <span class='ocrx_word' id='word_1_60' title='bbox 911 839 1021 927; x_wconf 78' lang='grc' dir='ltr'><strong><em>κύκλῳ</em></strong></span> <span class='ocrx_word' id='word_1_61' title='bbox 1045 840 1191 906; x_wconf 85' lang='grc' dir='ltr'><strong><em>εύθειῶν</em></strong></span> 
     </span>
     <span class='ocr_line' id='line_1_8' title="bbox 178 943 1193 1031; baseline 0.002 -21"><span class='ocrx_word' id='word_1_62' title='bbox 178 945 199 1028; x_wconf 84' lang='grc' dir='ltr'><em>ἡ</em></span> <span class='ocrx_word' id='word_1_63' title='bbox 222 951 302 1030; x_wconf 90' lang='grc' dir='ltr'><strong><em>ΑΕ,</em></strong></span> <span class='ocrx_word' id='word_1_64' title='bbox 330 947 351 1031; x_wconf 84' lang='grc' dir='ltr'><strong><em>ή</em></strong></span> <span class='ocrx_word' id='word_1_65' title='bbox 378 943 415 1010; x_wconf 72' lang='grc' dir='ltr'><strong><em>δὲ</em></strong></span> <span class='ocrx_word' id='word_1_66' title='bbox 437 950 504 1010; x_wconf 92' lang='grc' dir='ltr'><strong><em>ΑΖ</em></strong></span> <span class='ocrx_word' id='word_1_67' title='bbox 526 947 644 1030; x_wconf 82' lang='grc' dir='ltr'><strong><em>μείζων</em></strong></span> <span class='ocrx_word' id='word_1_68' title='bbox 666 953 723 1029; x_wconf 79' lang='grc' dir='ltr'><strong><em>τῆς</em></strong></span> <span class='ocrx_word' id='word_1_69' title='bbox 746 949 822 1009; x_wconf 81' lang='grc' dir='ltr'><strong><em>ΑΘ.</em></strong></span> <span class='ocrx_word' id='word_1_70' title='bbox 868 945 951 1010; x_wconf 78' lang='grc' dir='ltr'><strong><em>ἀλλὰ</em></strong></span> <span class='ocrx_word' id='word_1_71' title='bbox 974 953 1013 1030; x_wconf 79' lang='grc' dir='ltr'><strong><em>τῇ</em></strong></span> <span class='ocrx_word' id='word_1_72' title='bbox 1036 943 1097 1030; x_wconf 74' lang='grc' dir='ltr'><strong><em>μὲν</em></strong></span> <span class='ocrx_word' id='word_1_73' title='bbox 1122 951 1193 1012; x_wconf 88' lang='grc' dir='ltr'><strong><em>ΑΕ</em></strong></span> 
     </span>
     <span class='ocr_line' id='line_1_9' title="bbox 180 1048 1191 1139; baseline 0.001 -22"><span class='ocrx_word' id='word_1_74' title='bbox 180 1059 233 1136; x_wconf 90' lang='grc' dir='ltr'><strong><em>ἴση</em></strong></span> <span class='ocrx_word' id='word_1_75' title='bbox 257 1055 506 1138; x_wconf 80' lang='grc' dir='ltr'><strong><em>συναμφότερος</em></strong></span> <span class='ocrx_word' id='word_1_76' title='bbox 527 1051 547 1135; x_wconf 86' lang='grc' dir='ltr'><strong><em>ή</em></strong></span> <span class='ocrx_word' id='word_1_77' title='bbox 567 1055 681 1136; x_wconf 92' lang='grc' dir='ltr'><em>ΑΒΓ,</em></span> <span class='ocrx_word' id='word_1_78' title='bbox 704 1062 743 1138; x_wconf 78' lang='grc' dir='ltr'><strong><em>τῇ</em></strong></span> <span class='ocrx_word' id='word_1_79' title='bbox 766 1048 803 1116; x_wconf 77' lang='grc' dir='ltr'><strong><em>δὲ</em></strong></span> <span class='ocrx_word' id='word_1_80' title='bbox 821 1056 888 1116; x_wconf 92' lang='grc' dir='ltr'><strong><em>ΑΖ</em></strong></span> <span class='ocrx_word' id='word_1_81' title='bbox 910 1051 931 1135; x_wconf 82' lang='grc' dir='ltr'><strong><em>ή</em></strong></span> <span class='ocrx_word' id='word_1_82' title='bbox 950 1055 1064 1136; x_wconf 87' lang='grc' dir='ltr'><em>ΑΔΓ,</em></span> <span class='ocrx_word' id='word_1_83' title='bbox 1088 1062 1128 1139; x_wconf 80' lang='grc' dir='ltr'><strong><em>τῇ</em></strong></span> <span class='ocrx_word' id='word_1_84' title='bbox 1153 1051 1191 1118; x_wconf 76' lang='grc' dir='ltr'><strong><em>δὲ</em></strong></span> 
     </span>
     <span class='ocr_line' id='line_1_10' title="bbox 180 1155 1190 1244; baseline 0 -21"><span class='ocrx_word' id='word_1_85' title='bbox 180 1166 211 1223; x_wconf 93' lang='grc' dir='ltr'><em>Α</em></span> <span class='ocrx_word' id='word_1_86' title='bbox 219 1163 247 1223; x_wconf 81' lang='grc' dir='ltr'>Θ</span> <span class='ocrx_word' id='word_1_87' title='bbox 273 1159 293 1243; x_wconf 85' lang='grc' dir='ltr'><strong><em>ή</em></strong></span> <span class='ocrx_word' id='word_1_88' title='bbox 317 1163 392 1224; x_wconf 88' lang='grc' dir='ltr'><strong><em>ΑΗ</em></strong></span> <span class='ocrx_word' id='word_1_89' title='bbox 395 1162 433 1223; x_wconf 91' lang='grc' dir='ltr'><strong><em>Γ·</em></strong></span> <span class='ocrx_word' id='word_1_90' title='bbox 460 1157 516 1223; x_wconf 85' lang='grc' dir='ltr'><strong><em>καὶ</em></strong></span> <span class='ocrx_word' id='word_1_91' title='bbox 543 1159 671 1223; x_wconf 83' lang='grc' dir='ltr'><strong><em>τούτων</em></strong></span> <span class='ocrx_word' id='word_1_92' title='bbox 699 1160 763 1244; x_wconf 73' lang='grc' dir='ltr'><strong><em>ἄρα</em></strong></span> <span class='ocrx_word' id='word_1_93' title='bbox 785 1161 921 1243; x_wconf 82' lang='grc' dir='ltr'><strong><em>μεγίστη</em></strong></span> <span class='ocrx_word' id='word_1_94' title='bbox 944 1155 1004 1242; x_wconf 72' lang='grc' dir='ltr'><strong><em>μὲν</em></strong></span> <span class='ocrx_word' id='word_1_95' title='bbox 1027 1157 1048 1240; x_wconf 82' lang='grc' dir='ltr'><em>ἡ</em></span> <span class='ocrx_word' id='word_1_96' title='bbox 1072 1163 1190 1242; x_wconf 89' lang='grc' dir='ltr'><em>ΑΒΓ,</em></span> 
     </span>
     <span class='ocr_line' id='line_1_11' title="bbox 128 1261 1190 1350; baseline 0.002 -21"><span class='ocrx_word' id='word_1_97' title='bbox 128 1274 161 1322; x_wconf 88' lang='grc'><strong><em>10</em></strong></span> <span class='ocrx_word' id='word_1_98' title='bbox 179 1269 296 1350; x_wconf 80' lang='grc' dir='ltr'><strong><em>μείζων</em></strong></span> <span class='ocrx_word' id='word_1_99' title='bbox 315 1261 351 1329; x_wconf 70' lang='grc' dir='ltr'><strong><em>δὲ</em></strong></span> <span class='ocrx_word' id='word_1_100' title='bbox 369 1267 389 1348; x_wconf 83' lang='grc' dir='ltr'><strong><em>ή</em></strong></span> <span class='ocrx_word' id='word_1_101' title='bbox 408 1271 478 1329; x_wconf 85' lang='grc' dir='ltr'><strong><em>ΑΛ</em></strong></span> <span class='ocrx_word' id='word_1_102' title='bbox 485 1269 516 1330; x_wconf 89' lang='grc' dir='ltr'><em>Γ</em></span> <span class='ocrx_word' id='word_1_103' title='bbox 528 1274 586 1349; x_wconf 83' lang='grc' dir='ltr'><strong><em>τῆς</em></strong></span> <span class='ocrx_word' id='word_1_104' title='bbox 602 1269 716 1330; x_wconf 92' lang='grc' dir='ltr'><em>ΑΗΓ.</em></span> <span class='ocrx_word' id='word_1_105' title='bbox 752 1262 808 1329; x_wconf 82' lang='grc' dir='ltr'><strong><em>καὶ</em></strong></span> <span class='ocrx_word' id='word_1_106' title='bbox 825 1264 946 1349; x_wconf 86' lang='grc' dir='ltr'><strong><em>ὁμοίως</em></strong></span> <span class='ocrx_word' id='word_1_107' title='bbox 965 1263 1016 1329; x_wconf 83' lang='grc' dir='ltr'><strong><em>ἀεὶ</em></strong></span> <span class='ocrx_word' id='word_1_108' title='bbox 1034 1265 1054 1349; x_wconf 86' lang='grc' dir='ltr'><strong><em>ή</em></strong></span> <span class='ocrx_word' id='word_1_109' title='bbox 1075 1268 1190 1348; x_wconf 78' lang='grc' dir='ltr'><em>ἔγγιον</em></span> 
     </span>
    </p>
   </div>
   <div class='ocr_carea' id='block_1_3' title="bbox 179 1369 1284 1466">
    <p class='ocr_par' dir='ltr' id='par_1_3' title="bbox 179 1369 1284 1466">
     <span class='ocr_line' id='line_1_12' title="bbox 179 1369 1284 1466; baseline 0 -31"><span class='ocrx_word' id='word_1_110' title='bbox 179 1380 236 1454; x_wconf 89' lang='grc' dir='ltr'><strong><em>τής</em></strong></span> <span class='ocrx_word' id='word_1_111' title='bbox 262 1373 344 1456; x_wconf 89' lang='grc' dir='ltr'><strong><em>πρὸς</em></strong></span> <span class='ocrx_word' id='word_1_112' title='bbox 371 1380 409 1457; x_wconf 83' lang='grc' dir='ltr'><strong><em>τή</em></strong></span> <span class='ocrx_word' id='word_1_113' title='bbox 438 1373 609 1460; x_wconf 78' lang='grc' dir='ltr'><strong><em>διχοτομία</em></strong></span> <span class='ocrx_word' id='word_1_114' title='bbox 635 1381 692 1456; x_wconf 83' lang='grc' dir='ltr'><strong><em>τῆς</em></strong></span> <span class='ocrx_word' id='word_1_115' title='bbox 720 1370 889 1457; x_wconf 80' lang='grc' dir='ltr'><strong><em>ἀπώτερόν</em></strong></span> <span class='ocrx_word' id='word_1_116' title='bbox 915 1369 983 1436; x_wconf 75' lang='grc' dir='ltr'><strong><em>ἐστι</em></strong></span> <span class='ocrx_word' id='word_1_117' title='bbox 1006 1373 1141 1455; x_wconf 79' lang='grc' dir='ltr'><strong><em>μείζων·</em></strong></span> <span class='ocrx_word' id='word_1_118' title='bbox 1170 1371 1188 1435; x_wconf 96' lang='grc' dir='ltr'><strong><em>ὃ</em></strong></span> <span class='ocrx_word' id='word_1_119' title='bbox 1283 1417 1284 1466; x_wconf 51' lang='grc' dir='ltr'><strong><em>η</em></strong></span> 
     </span>
    </p>
   </div>
   <div class='ocr_carea' id='block_1_4' title="bbox 178 1477 481 1563">
    <p class='ocr_par' dir='ltr' id='par_1_4' title="bbox 178 1477 481 1563">
     <span class='ocr_line' id='line_1_13' title="bbox 178 1477 481 1563; baseline 0.003 -21"><span class='ocrx_word' id='word_1_120' title='bbox 178 1477 346 1563; x_wconf 77' lang='grc' dir='ltr'><strong><em>προέκειτο</em></strong></span> <span class='ocrx_word' id='word_1_121' title='bbox 370 1477 481 1556; x_wconf 79' lang='grc' dir='ltr'><strong><em>δεῖξαι.</em></strong></span> 
     </span>
    </p>
   </div>
   <div class='ocr_carea' id='block_1_5' title="bbox 509 1671 846 1748">
    <p class='ocr_par' dir='ltr' id='par_1_5' title="bbox 509 1671 846 1748">
     <span class='ocr_line' id='line_1_14' title="bbox 509 1671 846 1748; baseline -0.003 -11"><span class='ocrx_word' id='word_1_122' title='bbox 509 1671 655 1748; x_wconf 73' lang='grc' dir='ltr'><strong><em>’Ἁλλως</em></strong></span> <span class='ocrx_word' id='word_1_123' title='bbox 678 1673 719 1737; x_wconf 90' lang='grc' dir='ltr'><strong><em>τὸ</em></strong></span> <span class='ocrx_word' id='word_1_124' title='bbox 743 1673 846 1737; x_wconf 88' lang='grc' dir='ltr'><strong><em>αὐτό.</em></strong></span> 
     </span>
    </p>
   </div>
   <div class='ocr_carea' id='block_1_6' title="bbox 127 1794 1194 2944">
    <p class='ocr_par' dir='ltr' id='par_1_6' title="bbox 235 1794 1190 1883">
     <span class='ocr_line' id='line_1_15' title="bbox 235 1794 1190 1883; baseline -0.002 -21"><span class='ocrx_word' id='word_1_125' title='bbox 235 1795 341 1863; x_wconf 79' lang='grc' dir='ltr'><strong><em>Ἔστω</em></strong></span> <span class='ocrx_word' id='word_1_126' title='bbox 368 1799 488 1873; x_wconf 84' lang='grc' dir='ltr'><strong><em>κύκλος</em></strong></span> <span class='ocrx_word' id='word_1_127' title='bbox 516 1797 533 1862; x_wconf 92' lang='grc' dir='ltr'>ὁ</span> <span class='ocrx_word' id='word_1_128' title='bbox 562 1799 676 1880; x_wconf 89' lang='grc' dir='ltr'><em>ΑΒΓ,</em></span> <span class='ocrx_word' id='word_1_129' title='bbox 703 1794 758 1860; x_wconf 81' lang='grc' dir='ltr'><strong><em>καὶ</em></strong></span> <span class='ocrx_word' id='word_1_130' title='bbox 786 1795 822 1860; x_wconf 84' lang='grc' dir='ltr'><strong><em>ἐν</em></strong></span> <span class='ocrx_word' id='word_1_131' title='bbox 849 1804 894 1883; x_wconf 77' lang='grc' dir='ltr'><strong><em>τῷ</em></strong></span> <span class='ocrx_word' id='word_1_132' title='bbox 918 1798 1023 1861; x_wconf 89' lang='grc' dir='ltr'><strong><em>ΑΒΓ</em></strong></span> <span class='ocrx_word' id='word_1_133' title='bbox 1046 1797 1190 1880; x_wconf 87' lang='grc' dir='ltr'><strong><em>τμήματι</em></strong></span> 
     </span>
    </p>

    <p class='ocr_par' dir='ltr' id='par_1_7' title="bbox 128 1900 1191 1988">
     <span class='ocr_line' id='line_1_16' title="bbox 128 1900 1191 1988; baseline 0 -20"><span class='ocrx_word' id='word_1_134' title='bbox 128 1911 161 1959; x_wconf 83' lang='grc'><strong><em>15</em></strong></span> <span class='ocrx_word' id='word_1_135' title='bbox 179 1904 350 1969; x_wconf 87' lang='grc' dir='ltr'><strong><em>κεκλοίσθω</em></strong></span> <span class='ocrx_word' id='word_1_136' title='bbox 369 1904 390 1988; x_wconf 84' lang='grc' dir='ltr'><strong><em>ή</em></strong></span> <span class='ocrx_word' id='word_1_137' title='bbox 410 1906 514 1970; x_wconf 92' lang='grc' dir='ltr'><strong><em>ΑΒΓ</em></strong></span> <span class='ocrx_word' id='word_1_138' title='bbox 527 1904 652 1987; x_wconf 86' lang='grc' dir='ltr'><strong><em>εύθεῖα,</em></strong></span> <span class='ocrx_word' id='word_1_139' title='bbox 676 1903 758 1967; x_wconf 82' lang='grc' dir='ltr'><strong><em>ὥστε</em></strong></span> <span class='ocrx_word' id='word_1_140' title='bbox 777 1903 838 1985; x_wconf 87' lang='grc' dir='ltr'><strong><em>τήν</em></strong></span> <span class='ocrx_word' id='word_1_141' title='bbox 857 1904 961 1968; x_wconf 92' lang='grc' dir='ltr'><strong><em>ΑΒΓ</em></strong></span> <span class='ocrx_word' id='word_1_142' title='bbox 973 1900 1191 1987; x_wconf 81' lang='grc' dir='ltr'><strong><em>περιφέρειαν</em></strong></span> 
     </span>
    </p>

    <p class='ocr_par' dir='ltr' id='par_1_8' title="bbox 181 2007 1190 2095">
     <span class='ocr_line' id='line_1_17' title="bbox 181 2007 1190 2095; baseline -0.001 -22"><span class='ocrx_word' id='word_1_143' title='bbox 181 2010 256 2092; x_wconf 77' lang='grc' dir='ltr'><strong><em>δίχα</em></strong></span> <span class='ocrx_word' id='word_1_144' title='bbox 282 2018 462 2095; x_wconf 76' lang='grc' dir='ltr'><strong><em>τετμῆσθαι</em></strong></span> <span class='ocrx_word' id='word_1_145' title='bbox 484 2011 567 2075; x_wconf 84' lang='grc' dir='ltr'><strong><em>κατὰ</em></strong></span> <span class='ocrx_word' id='word_1_146' title='bbox 590 2011 626 2075; x_wconf 90' lang='grc' dir='ltr'><strong><em>τὸ</em></strong></span> <span class='ocrx_word' id='word_1_147' title='bbox 650 2013 688 2074; x_wconf 89' lang='grc' dir='ltr'><strong><em>Β.</em></strong></span> <span class='ocrx_word' id='word_1_148' title='bbox 734 2007 833 2092; x_wconf 87' lang='grc' dir='ltr'><strong><em>λε’γω,</em></strong></span> <span class='ocrx_word' id='word_1_149' title='bbox 862 2009 912 2073; x_wconf 83' lang='grc' dir='ltr'><strong><em>ὅτι</em></strong></span> <span class='ocrx_word' id='word_1_150' title='bbox 935 2010 1190 2094; x_wconf 78' lang='grc' dir='ltr'><strong><em>συναμφότερος</em></strong></span> 
     </span>
    </p>

    <p class='ocr_par' dir='ltr' id='par_1_9' title="bbox 179 2113 1189 2306">
     <span class='ocr_line' id='line_1_18' title="bbox 179 2113 1189 2202; baseline -0.002 -22"><span class='ocrx_word' id='word_1_151' title='bbox 179 2114 199 2198; x_wconf 81' lang='grc' dir='ltr'><strong><em>ή</em></strong></span> <span class='ocrx_word' id='word_1_152' title='bbox 223 2119 327 2181; x_wconf 95' lang='grc' dir='ltr'><strong><em>ΑΒΓ</em></strong></span> <span class='ocrx_word' id='word_1_153' title='bbox 348 2117 463 2182; x_wconf 78' lang='grc' dir='ltr'><strong><em>εὐθεῖα</em></strong></span> <span class='ocrx_word' id='word_1_154' title='bbox 490 2120 625 2201; x_wconf 91' lang='grc' dir='ltr'><strong><em>μεγίστη</em></strong></span> <span class='ocrx_word' id='word_1_155' title='bbox 649 2113 718 2181; x_wconf 78' lang='grc' dir='ltr'><strong><em>ἐστὶ</em></strong></span> <span class='ocrx_word' id='word_1_156' title='bbox 740 2125 856 2181; x_wconf 81' lang='grc' dir='ltr'><strong><em>πασῶν</em></strong></span> <span class='ocrx_word' id='word_1_157' title='bbox 878 2126 946 2179; x_wconf 83' lang='grc' dir='ltr'><strong><em>τῶν</em></strong></span> <span class='ocrx_word' id='word_1_158' title='bbox 969 2114 1006 2180; x_wconf 82' lang='grc' dir='ltr'><strong><em>ἐν</em></strong></span> <span class='ocrx_word' id='word_1_159' title='bbox 1028 2123 1074 2202; x_wconf 73' lang='grc' dir='ltr'><strong><em>τῷ</em></strong></span> <span class='ocrx_word' id='word_1_160' title='bbox 1098 2115 1189 2202; x_wconf 77' lang='grc' dir='ltr'><strong><em>αὐτῷ</em></strong></span> 
     </span>
     <span class='ocr_line' id='line_1_19' title="bbox 180 2220 693 2306; baseline 0 -20"><span class='ocrx_word' id='word_1_161' title='bbox 180 2223 319 2306; x_wconf 89' lang='grc' dir='ltr'><strong><em>τμήματι</em></strong></span> <span class='ocrx_word' id='word_1_162' title='bbox 342 2220 519 2306; x_wconf 83' lang='grc' dir='ltr'><strong><em>κλωμένων</em></strong></span> <span class='ocrx_word' id='word_1_163' title='bbox 542 2223 693 2288; x_wconf 83' lang='grc' dir='ltr'><strong><em>εὐθειῶν.</em></strong></span> 
     </span>
    </p>

    <p class='ocr_par' dir='ltr' id='par_1_10' title="bbox 246 2326 1191 2415">
     <span class='ocr_line' id='line_1_20' title="bbox 246 2326 1191 2415; baseline 0 -22"><span class='ocrx_word' id='word_1_164' title='bbox 246 2328 418 2394; x_wconf 73' lang='grc' dir='ltr'><strong><em>κεκλίσθαι</em></strong></span> <span class='ocrx_word' id='word_1_165' title='bbox 442 2330 505 2415; x_wconf 79' lang='grc' dir='ltr'><strong><em>γὰρ</em></strong></span> <span class='ocrx_word' id='word_1_166' title='bbox 529 2329 549 2412; x_wconf 81' lang='grc' dir='ltr'><em>ἡ</em></span> <span class='ocrx_word' id='word_1_167' title='bbox 573 2326 767 2412; x_wconf 89' lang='grc' dir='ltr'><em>ΑΔΓ,καῖ</em></span> <span class='ocrx_word' id='word_1_168' title='bbox 791 2327 1002 2411; x_wconf 75' lang='grc' dir='ltr'><strong><em>ἐκβεβλήσθω</em></strong></span> <span class='ocrx_word' id='word_1_169' title='bbox 1025 2326 1046 2410; x_wconf 83' lang='grc' dir='ltr'><strong><em>ή</em></strong></span> <span class='ocrx_word' id='word_1_170' title='bbox 1070 2331 1191 2410; x_wconf 89' lang='grc' dir='ltr'><em>ΑΔΕ,</em></span> 
     </span>
    </p>

    <p class='ocr_par' dir='ltr' id='par_1_11' title="bbox 127 2432 1194 2521">
     <span class='ocr_line' id='line_1_21' title="bbox 127 2432 1194 2521; baseline 0 -23"><span class='ocrx_word' id='word_1_171' title='bbox 127 2443 161 2491; x_wconf 76' lang='lat'><strong><em>20</em></strong></span> <span class='ocrx_word' id='word_1_172' title='bbox 179 2432 234 2499; x_wconf 83' lang='grc' dir='ltr'><strong><em>καὶ</em></strong></span> <span class='ocrx_word' id='word_1_173' title='bbox 260 2438 385 2500; x_wconf 83' lang='grc' dir='ltr'><strong><em>κείσθω</em></strong></span> <span class='ocrx_word' id='word_1_174' title='bbox 413 2434 433 2518; x_wconf 83' lang='grc' dir='ltr'><strong><em>ή</em></strong></span> <span class='ocrx_word' id='word_1_175' title='bbox 457 2440 527 2500; x_wconf 89' lang='grc' dir='ltr'><strong><em>ΔΕ</em></strong></span> <span class='ocrx_word' id='word_1_176' title='bbox 547 2446 586 2521; x_wconf 84' lang='grc' dir='ltr'><strong><em>τή</em></strong></span> <span class='ocrx_word' id='word_1_177' title='bbox 610 2441 643 2499; x_wconf 85' lang='grc' dir='ltr'><em>Δ</em></span> <span class='ocrx_word' id='word_1_178' title='bbox 650 2437 682 2499; x_wconf 97' lang='grc' dir='ltr'><em>Γ</em></span> <span class='ocrx_word' id='word_1_179' title='bbox 701 2440 771 2518; x_wconf 92' lang='grc' dir='ltr'><strong><em>ἴση,</em></strong></span> <span class='ocrx_word' id='word_1_180' title='bbox 799 2432 854 2498; x_wconf 83' lang='grc' dir='ltr'><strong><em>καὶ</em></strong></span> <span class='ocrx_word' id='word_1_181' title='bbox 877 2434 1128 2518; x_wconf 82' lang='grc' dir='ltr'><strong><em>ἐπεζεύχθωσαν</em></strong></span> <span class='ocrx_word' id='word_1_182' title='bbox 1155 2434 1194 2497; x_wconf 83' lang='grc' dir='ltr'><strong><em>αἴ</em></strong></span> 
     </span>
    </p>

    <p class='ocr_par' dir='ltr' id='par_1_12' title="bbox 179 2537 1189 2626">
     <span class='ocr_line' id='line_1_22' title="bbox 179 2537 1189 2626; baseline 0 -22"><span class='ocrx_word' id='word_1_183' title='bbox 179 2545 260 2625; x_wconf 86' lang='grc' dir='ltr'><strong><em>ΒΔ,</em></strong></span> <span class='ocrx_word' id='word_1_184' title='bbox 290 2545 361 2607; x_wconf 90' lang='grc' dir='ltr'><strong><em>ΒΕ.</em></strong></span> <span class='ocrx_word' id='word_1_185' title='bbox 407 2539 476 2606; x_wconf 82' lang='grc' dir='ltr'><strong><em>ε’πεῖ</em></strong></span> <span class='ocrx_word' id='word_1_186' title='bbox 504 2537 565 2607; x_wconf 83' lang='grc' dir='ltr'><strong><em>οὖν</em></strong></span> <span class='ocrx_word' id='word_1_187' title='bbox 592 2540 612 2624; x_wconf 82' lang='grc' dir='ltr'><strong><em>ή</em></strong></span> <span class='ocrx_word' id='word_1_188' title='bbox 636 2545 702 2606; x_wconf 91' lang='grc' dir='ltr'><strong><em>ΑΒ</em></strong></span> <span class='ocrx_word' id='word_1_189' title='bbox 729 2539 920 2626; x_wconf 78' lang='grc' dir='ltr'><strong><em>περιφέρεια</em></strong></span> <span class='ocrx_word' id='word_1_190' title='bbox 948 2551 987 2626; x_wconf 83' lang='grc' dir='ltr'><strong><em>τή</em></strong></span> <span class='ocrx_word' id='word_1_191' title='bbox 1010 2543 1080 2604; x_wconf 94' lang='grc' dir='ltr'><strong><em>ΒΓ</em></strong></span> <span class='ocrx_word' id='word_1_192' title='bbox 1097 2561 1189 2625; x_wconf 89' lang='grc' dir='ltr'><strong><em>περι-</em></strong></span> 
     </span>
    </p>

    <p class='ocr_par' dir='ltr' id='par_1_13' title="bbox 179 2642 1189 2732">
     <span class='ocr_line' id='line_1_23' title="bbox 179 2642 1189 2732; baseline 0 -22"><span class='ocrx_word' id='word_1_193' title='bbox 179 2650 294 2732; x_wconf 80' lang='grc' dir='ltr'><strong><em>φερείᾳ</em></strong></span> <span class='ocrx_word' id='word_1_194' title='bbox 322 2653 375 2730; x_wconf 89' lang='grc' dir='ltr'><strong><em>ἴση</em></strong></span> <span class='ocrx_word' id='word_1_195' title='bbox 404 2647 486 2730; x_wconf 77' lang='grc' dir='ltr'><strong><em>ἐστί,</em></strong></span> <span class='ocrx_word' id='word_1_196' title='bbox 515 2646 570 2711; x_wconf 85' lang='grc' dir='ltr'><strong><em>καῖ</em></strong></span> <span class='ocrx_word' id='word_1_197' title='bbox 598 2645 651 2712; x_wconf 75' lang='grc' dir='ltr'><strong><em>ἐπὶ</em></strong></span> <span class='ocrx_word' id='word_1_198' title='bbox 673 2642 734 2730; x_wconf 70' lang='grc' dir='ltr'><strong><em>μὲν</em></strong></span> <span class='ocrx_word' id='word_1_199' title='bbox 761 2655 819 2731; x_wconf 81' lang='grc' dir='ltr'><strong><em>τῆς</em></strong></span> <span class='ocrx_word' id='word_1_200' title='bbox 846 2650 910 2711; x_wconf 91' lang='grc' dir='ltr'><strong><em>ΑΒ</em></strong></span> <span class='ocrx_word' id='word_1_201' title='bbox 939 2645 959 2729; x_wconf 83' lang='grc' dir='ltr'><strong><em>ή</em></strong></span> <span class='ocrx_word' id='word_1_202' title='bbox 987 2647 1052 2712; x_wconf 84' lang='grc' dir='ltr'><strong><em>ὑπὸ</em></strong></span> <span class='ocrx_word' id='word_1_203' title='bbox 1080 2649 1189 2711; x_wconf 87' lang='grc' dir='ltr'><strong><em>ΒΔΑ</em></strong></span> 
     </span>
    </p>

    <p class='ocr_par' dir='ltr' id='par_1_14' title="bbox 179 2749 1188 2838">
     <span class='ocr_line' id='line_1_24' title="bbox 179 2749 1188 2838; baseline 0.001 -23"><span class='ocrx_word' id='word_1_204' title='bbox 179 2754 283 2834; x_wconf 92' lang='grc' dir='ltr'><strong><em>γωνία</em></strong></span> <span class='ocrx_word' id='word_1_205' title='bbox 306 2751 454 2836; x_wconf 81' lang='grc' dir='ltr'><strong><em>βέβηκεν,</em></strong></span> <span class='ocrx_word' id='word_1_206' title='bbox 478 2750 530 2816; x_wconf 86' lang='grc' dir='ltr'><strong><em>ε’πῖ</em></strong></span> <span class='ocrx_word' id='word_1_207' title='bbox 553 2749 590 2816; x_wconf 74' lang='grc' dir='ltr'><strong><em>δὲ</em></strong></span> <span class='ocrx_word' id='word_1_208' title='bbox 613 2762 670 2836; x_wconf 81' lang='grc' dir='ltr'><strong><em>τῆς</em></strong></span> <span class='ocrx_word' id='word_1_209' title='bbox 693 2753 798 2837; x_wconf 83' lang='grc' dir='ltr'><strong><em>ΒΓή</em></strong></span> <span class='ocrx_word' id='word_1_210' title='bbox 820 2753 886 2817; x_wconf 84' lang='grc' dir='ltr'><strong><em>ὑπὸ</em></strong></span> <span class='ocrx_word' id='word_1_211' title='bbox 910 2755 1020 2836; x_wconf 90' lang='grc' dir='ltr'><em>ΒΑΓ,</em></span> <span class='ocrx_word' id='word_1_212' title='bbox 1045 2759 1099 2836; x_wconf 88' lang='grc' dir='ltr'><strong><em>ἴση</em></strong></span> <span class='ocrx_word' id='word_1_213' title='bbox 1123 2754 1188 2838; x_wconf 72' lang='grc' dir='ltr'><strong><em>ἄρα</em></strong></span> 
     </span>
    </p>

    <p class='ocr_par' dir='ltr' id='par_1_15' title="bbox 179 2856 1188 2944">
     <span class='ocr_line' id='line_1_25' title="bbox 179 2856 1188 2944; baseline 0.001 -23"><span class='ocrx_word' id='word_1_214' title='bbox 179 2856 199 2940; x_wconf 83' lang='grc' dir='ltr'><strong><em>ή</em></strong></span> <span class='ocrx_word' id='word_1_215' title='bbox 222 2856 287 2922; x_wconf 83' lang='grc' dir='ltr'><strong><em>ὑπὸ</em></strong></span> <span class='ocrx_word' id='word_1_216' title='bbox 309 2862 412 2922; x_wconf 86' lang='grc' dir='ltr'><strong><em>ΒΔΑ</em></strong></span> <span class='ocrx_word' id='word_1_217' title='bbox 434 2867 474 2944; x_wconf 84' lang='grc' dir='ltr'><strong><em>τή</em></strong></span> <span class='ocrx_word' id='word_1_218' title='bbox 496 2856 561 2922; x_wconf 85' lang='grc' dir='ltr'><strong><em>ὑπὸ</em></strong></span> <span class='ocrx_word' id='word_1_219' title='bbox 580 2863 688 2924; x_wconf 87' lang='grc' dir='ltr'><em>ΒΑΓ.</em></span> <span class='ocrx_word' id='word_1_220' title='bbox 726 2860 820 2943; x_wconf 85' lang='grc' dir='ltr'><strong><em>κοινή</em></strong></span> <span class='ocrx_word' id='word_1_221' title='bbox 843 2861 1054 2943; x_wconf 89' lang='grc' dir='ltr'><strong><em>προσκείσθω</em></strong></span> <span class='ocrx_word' id='word_1_222' title='bbox 1079 2858 1099 2942; x_wconf 86' lang='grc' dir='ltr'><strong><em>ή</em></strong></span> <span class='ocrx_word' id='word_1_223' title='bbox 1122 2857 1188 2923; x_wconf 87' lang='grc' dir='ltr'><strong><em>ὑπὸ</em></strong></span> 
     </span>
    </p>
   </div>
   <div class='ocr_carea' id='block_1_7' title="bbox 178 3084 1189 3583">
    <p class='ocr_par' dir='ltr' id='par_1_16' title="bbox 178 3084 1189 3583">
     <span class='ocr_line' id='line_1_26' title="bbox 251 3084 1187 3158; baseline -0.001 -19"><span class='ocrx_word' id='word_1_224' title='bbox 251 3091 274 3141; x_wconf 85' lang='grc'><strong><em>1.</em></strong></span> <span class='ocrx_word' id='word_1_225' title='bbox 294 3087 359 3158; x_wconf 89' lang='lat' dir='ltr'><em>BA]</em></span> <span class='ocrx_word' id='word_1_226' title='bbox 378 3104 410 3156; x_wconf 87' lang='lat' dir='ltr'><strong><em>p,</em></strong></span> <span class='ocrx_word' id='word_1_227' title='bbox 438 3084 540 3138; x_wconf 76' lang='lat' dir='ltr'><strong>lacuna</strong></span> <span class='ocrx_word' id='word_1_228' title='bbox 563 3086 743 3155; x_wconf 74' lang='lat' dir='ltr'><strong>absumptum</strong></span> <span class='ocrx_word' id='word_1_229' title='bbox 761 3085 794 3154; x_wconf 77' lang='lat' dir='ltr'><strong><em>V,</em></strong></span> <span class='ocrx_word' id='word_1_230' title='bbox 818 3103 872 3155; x_wconf 81' lang='lat' dir='ltr'><strong><em>mg.</em></strong></span> <span class='ocrx_word' id='word_1_231' title='bbox 898 3091 934 3154; x_wconf 89' lang='lat'><strong><em>„†</em></strong></span> <span class='ocrx_word' id='word_1_232' title='bbox 949 3090 997 3140; x_wconf 90' lang='lat' dir='ltr'><em>BA</em></span> <span class='ocrx_word' id='word_1_233' title='bbox 1017 3084 1137 3154; x_wconf 80' lang='lat' dir='ltr'><strong>amplius</strong></span> <span class='ocrx_word' id='word_1_234' title='bbox 1157 3085 1187 3138; x_wconf 89' lang='lat' dir='ltr'><strong><em>in</em></strong></span> 
     </span>
     <span class='ocr_line' id='line_1_27' title="bbox 179 3155 1185 3228; baseline 0 -18"><span class='ocrx_word' id='word_1_235' title='bbox 179 3157 359 3226; x_wconf 75' lang='lat' dir='ltr'><strong><em>apograph0“</em></strong></span> <span class='ocrx_word' id='word_1_236' title='bbox 379 3174 414 3211; x_wconf 92' lang='lat' dir='ltr'><strong><em>m.</em></strong></span> <span class='ocrx_word' id='word_1_237' title='bbox 433 3173 487 3210; x_wconf 82' lang='lat' dir='ltr'>rec.</span> <span class='ocrx_word' id='word_1_238' title='bbox 546 3161 601 3210; x_wconf 89' lang='grc' dir='ltr'><strong><em>ΒΓ</em></strong></span> <span class='ocrx_word' id='word_1_239' title='bbox 636 3173 704 3211; x_wconf 87' lang='lat' dir='ltr'>corr.</span> <span class='ocrx_word' id='word_1_240' title='bbox 724 3173 758 3210; x_wconf 84' lang='lat' dir='ltr'><strong><em>ex</em></strong></span> <span class='ocrx_word' id='word_1_241' title='bbox 778 3162 826 3212; x_wconf 90' lang='lat' dir='ltr'><em>BA</em></span> <span class='ocrx_word' id='word_1_242' title='bbox 845 3174 880 3210; x_wconf 89' lang='lat' dir='ltr'><strong><em>m.</em></strong></span> <span class='ocrx_word' id='word_1_243' title='bbox 900 3173 954 3211; x_wconf 84' lang='lat' dir='ltr'>rec.</span> <span class='ocrx_word' id='word_1_244' title='bbox 974 3175 1000 3211; x_wconf 88' lang='lat' dir='ltr'><strong><em>v.</em></strong></span> <span class='ocrx_word' id='word_1_245' title='bbox 1073 3162 1098 3211; x_wconf 85' lang='grc'><strong><em>3.</em></strong></span> <span class='ocrx_word' id='word_1_246' title='bbox 1118 3155 1185 3228; x_wconf 79' lang='grc' dir='ltr'><strong><em>ἄρα]</em></strong></span> 
     </span>
     <span class='ocr_line' id='line_1_28' title="bbox 179 3225 1189 3297; baseline -0.001 -16"><span class='ocrx_word' id='word_1_247' title='bbox 179 3228 235 3295; x_wconf 76' lang='grc' dir='ltr'><strong><em>ἄρα</em></strong></span> <span class='ocrx_word' id='word_1_248' title='bbox 255 3225 310 3281; x_wconf 80' lang='grc' dir='ltr'><strong><em>ἐστί</em></strong></span> <span class='ocrx_word' id='word_1_249' title='bbox 328 3246 354 3297; x_wconf 90' lang='lat' dir='ltr'><strong><em>p.</em></strong></span> <span class='ocrx_word' id='word_1_250' title='bbox 427 3235 451 3282; x_wconf 85' lang='lat'><strong><em>4.</em></strong></span> <span class='ocrx_word' id='word_1_251' title='bbox 471 3228 605 3296; x_wconf 79' lang='grc' dir='ltr'><strong><em>θεώρημα</em></strong></span> <span class='ocrx_word' id='word_1_252' title='bbox 637 3245 690 3282; x_wconf 90' lang='lat' dir='ltr'><strong><em>om.</em></strong></span> <span class='ocrx_word' id='word_1_253' title='bbox 709 3246 735 3297; x_wconf 79' lang='lat' dir='ltr'><strong><em>p.</em></strong></span> <span class='ocrx_word' id='word_1_254' title='bbox 815 3233 837 3282; x_wconf 80' lang='lat'><strong><em>7.</em></strong></span> <span class='ocrx_word' id='word_1_255' title='bbox 857 3230 913 3283; x_wconf 87' lang='grc' dir='ltr'><strong><em>ΑΘ</em></strong></span> <span class='ocrx_word' id='word_1_256' title='bbox 943 3245 970 3297; x_wconf 88' lang='lat' dir='ltr'><strong><em>p,</em></strong></span> <span class='ocrx_word' id='word_1_257' title='bbox 989 3244 1057 3282; x_wconf 86' lang='lat' dir='ltr'>corr.</span> <span class='ocrx_word' id='word_1_258' title='bbox 1077 3243 1112 3281; x_wconf 85' lang='lat' dir='ltr'><strong><em>ex</em></strong></span> <span class='ocrx_word' id='word_1_259' title='bbox 1130 3231 1189 3281; x_wconf 88' lang='grc' dir='ltr'><strong><em>ΑΗ</em></strong></span> 
     </span>
     <span class='ocr_line' id='line_1_29' title="bbox 178 3295 1186 3371; baseline 0.001 -20"><span class='ocrx_word' id='word_1_260' title='bbox 178 3315 214 3352; x_wconf 91' lang='lat' dir='ltr'><strong><em>m.</em></strong></span> <span class='ocrx_word' id='word_1_261' title='bbox 234 3304 249 3351; x_wconf 76' lang='lat'><strong>2</strong></span> <span class='ocrx_word' id='word_1_262' title='bbox 268 3299 301 3368; x_wconf 86' lang='lat' dir='ltr'><strong><em>V,</em></strong></span> <span class='ocrx_word' id='word_1_263' title='bbox 321 3302 379 3352; x_wconf 86' lang='grc' dir='ltr'><strong><em>ΑΗ</em></strong></span> <span class='ocrx_word' id='word_1_264' title='bbox 394 3317 420 3352; x_wconf 84' lang='lat' dir='ltr'><strong><em>v.</em></strong></span> <span class='ocrx_word' id='word_1_265' title='bbox 481 3304 522 3352; x_wconf 89' lang='lat'><strong><em>11.</em></strong></span> <span class='ocrx_word' id='word_1_266' title='bbox 542 3299 697 3371; x_wconf 80' lang='grc' dir='ltr'><strong><em>ἀπώτερον]</em></strong></span> <span class='ocrx_word' id='word_1_267' title='bbox 715 3316 743 3368; x_wconf 91' lang='lat' dir='ltr'><strong><em>p,</em></strong></span> <span class='ocrx_word' id='word_1_268' title='bbox 762 3298 901 3366; x_wconf 84' lang='grc' dir='ltr'><strong><em>ἀπότερον</em></strong></span> <span class='ocrx_word' id='word_1_269' title='bbox 946 3341 952 3352; x_wconf 88' lang='grc'><strong>.</strong></span> <span class='ocrx_word' id='word_1_270' title='bbox 1007 3295 1186 3367; x_wconf 79' lang='grc' dir='ltr'><strong><em>ὃπροὲκειτο</em></strong></span> 
     </span>
     <span class='ocr_line' id='line_1_30' title="bbox 180 3369 1186 3441; baseline 0.001 -20"><span class='ocrx_word' id='word_1_271' title='bbox 180 3369 279 3439; x_wconf 76' lang='grc' dir='ltr'><strong><em>δεῖξαι]</em></strong></span> <span class='ocrx_word' id='word_1_272' title='bbox 300 3386 352 3423; x_wconf 91' lang='lat' dir='ltr'><strong><em>om.</em></strong></span> <span class='ocrx_word' id='word_1_273' title='bbox 371 3388 398 3438; x_wconf 92' lang='lat' dir='ltr'><strong><em>p.</em></strong></span> <span class='ocrx_word' id='word_1_274' title='bbox 483 3375 524 3423; x_wconf 86' lang='lat'><strong><em>13.</em></strong></span> <span class='ocrx_word' id='word_1_275' title='bbox 544 3369 631 3432; x_wconf 73' lang='grc' dir='ltr'><strong><em>ἄλλως</em></strong></span> <span class='ocrx_word' id='word_1_276' title='bbox 649 3370 680 3424; x_wconf 88' lang='grc' dir='ltr'><strong><em>τὸ</em></strong></span> <span class='ocrx_word' id='word_1_277' title='bbox 699 3369 779 3441; x_wconf 78' lang='grc' dir='ltr'><strong><em>αὐτό]</em></strong></span> <span class='ocrx_word' id='word_1_278' title='bbox 798 3388 830 3439; x_wconf 89' lang='lat' dir='ltr'><strong><em>p,</em></strong></span> <span class='ocrx_word' id='word_1_279' title='bbox 855 3369 882 3424; x_wconf 90' lang='lat' dir='ltr'><strong>V</strong></span> <span class='ocrx_word' id='word_1_280' title='bbox 899 3387 956 3439; x_wconf 87' lang='lat' dir='ltr'><strong><em>mg.</em></strong></span> <span class='ocrx_word' id='word_1_281' title='bbox 974 3387 1010 3422; x_wconf 91' lang='lat' dir='ltr'><strong><em>m.</em></strong></span> <span class='ocrx_word' id='word_1_282' title='bbox 1030 3376 1059 3438; x_wconf 75' lang='lat'><strong><em>2,</em></strong></span> <span class='ocrx_word' id='word_1_283' title='bbox 1087 3386 1140 3423; x_wconf 88' lang='lat' dir='ltr'><strong><em>om.</em></strong></span> <span class='ocrx_word' id='word_1_284' title='bbox 1161 3388 1186 3423; x_wconf 84' lang='lat' dir='ltr'><strong><em>v.</em></strong></span> 
     </span>
     <span class='ocr_line' id='line_1_31' title="bbox 216 3437 1188 3512; baseline 0.004 -21"><span class='ocrx_word' id='word_1_285' title='bbox 216 3445 256 3492; x_wconf 76' lang='lat'><strong><em>17.</em></strong></span> <span class='ocrx_word' id='word_1_286' title='bbox 276 3442 375 3510; x_wconf 88' lang='grc' dir='ltr'><em>ΑΒΓ]</em></span> <span class='ocrx_word' id='word_1_287' title='bbox 394 3458 444 3508; x_wconf 84' lang='lat' dir='ltr'><strong><em>vp,</em></strong></span> <span class='ocrx_word' id='word_1_288' title='bbox 464 3445 486 3493; x_wconf 92' lang='lat' dir='ltr'><em>B</em></span> <span class='ocrx_word' id='word_1_289' title='bbox 506 3456 521 3494; x_wconf 82' lang='lat' dir='ltr'>e</span> <span class='ocrx_word' id='word_1_290' title='bbox 540 3457 608 3496; x_wconf 83' lang='lat' dir='ltr'>corr.</span> <span class='ocrx_word' id='word_1_291' title='bbox 627 3459 663 3494; x_wconf 92' lang='lat' dir='ltr'><strong><em>m.</em></strong></span> <span class='ocrx_word' id='word_1_292' title='bbox 684 3446 698 3493; x_wconf 92' lang='lat'>1</span> <span class='ocrx_word' id='word_1_293' title='bbox 718 3440 751 3496; x_wconf 91' lang='lat' dir='ltr'><strong><em>V.</em></strong></span> <span class='ocrx_word' id='word_1_294' title='bbox 819 3446 860 3495; x_wconf 80' lang='lat'><strong><em>19.</em></strong></span> <span class='ocrx_word' id='word_1_295' title='bbox 879 3438 1036 3512; x_wconf 73' lang='grc' dir='ltr'><strong><em>κεκλήσθω]</em></strong></span> <span class='ocrx_word' id='word_1_296' title='bbox 1056 3459 1106 3510; x_wconf 84' lang='lat' dir='ltr'><strong><em>vp,</em></strong></span> <span class='ocrx_word' id='word_1_297' title='bbox 1126 3437 1188 3495; x_wconf 80' lang='grc' dir='ltr'><strong><em>-ιίσ-</em></strong></span> 
     </span>
     <span class='ocr_line' id='line_1_32' title="bbox 180 3508 1188 3583; baseline 0.008 -26"><span class='ocrx_word' id='word_1_298' title='bbox 180 3521 260 3560; x_wconf 83' lang='lat' dir='ltr'>euan.</span> <span class='ocrx_word' id='word_1_299' title='bbox 278 3509 312 3577; x_wconf 85' lang='lat' dir='ltr'><strong><em>V,</em></strong></span> <span class='ocrx_word' id='word_1_300' title='bbox 332 3515 367 3578; x_wconf 90' lang='lat'><strong><em>„†</em></strong></span> <span class='ocrx_word' id='word_1_301' title='bbox 382 3508 480 3564; x_wconf 82' lang='grc' dir='ltr'><strong><em>ύσθω“</em></strong></span> <span class='ocrx_word' id='word_1_302' title='bbox 498 3527 554 3579; x_wconf 79' lang='lat' dir='ltr'><strong><em>mg.</em></strong></span> <span class='ocrx_word' id='word_1_303' title='bbox 573 3528 609 3564; x_wconf 91' lang='lat' dir='ltr'><strong><em>m.</em></strong></span> <span class='ocrx_word' id='word_1_304' title='bbox 628 3527 682 3564; x_wconf 84' lang='lat' dir='ltr'>ree.</span> <span class='ocrx_word' id='word_1_305' title='bbox 756 3510 808 3581; x_wconf 80' lang='grc' dir='ltr'><strong><em>γάρ</em></strong></span> <span class='ocrx_word' id='word_1_306' title='bbox 829 3543 862 3554; x_wconf 90' lang='grc'>-</span> <span class='ocrx_word' id='word_1_307' title='bbox 881 3518 923 3566; x_wconf 79' lang='lat'><strong><em>20.</em></strong></span> <span class='ocrx_word' id='word_1_308' title='bbox 943 3509 1060 3583; x_wconf 84' lang='grc' dir='ltr'><strong><em>κείσθω]</em></strong></span> <span class='ocrx_word' id='word_1_309' title='bbox 1079 3530 1134 3581; x_wconf 82' lang='lat' dir='ltr'><strong><em>vp,</em></strong></span> <span class='ocrx_word' id='word_1_310' title='bbox 1154 3528 1188 3565; x_wconf 83' lang='lat' dir='ltr'><strong><em>ex</em></strong></span> 
     </span>
    </p>
   </div>
   <div class='ocr_carea' id='block_1_8' title="bbox 0 0 1300 3932">
    <p class='ocr_par' dir='ltr' id='par_1_17' title="bbox 0 0 1300 3932">
     <span class='ocr_line' id='line_1_33' title="bbox 0 0 1300 3932; baseline 0 0"><span class='ocrx_word' id='word_1_311' title='bbox 0 0 1300 3932; x_wconf 95' lang='lat' dir='ltr'><strong><em> </em></strong></span> 
     </span>
    </p>
   </div>
  </div>
 </body>
</html>
