2574 3934
171 166 212 230 36
442 167 529 216 ΠΕΡΙ
547 165 760 216 ΚΤΔΙΝΔΡΟΤ
779 165 915 218 ΤΟΜΗΣ.

237 310 385 394 φανερὸν
408 307 454 392 δέ,
479 310 539 391 ὅτι,
562 307 626 374 κᾶν
648 310 696 384 είς
717 309 754 373 τὸ
777 306 891 394 ἕτερον
914 307 1014 394 μέρος
1037 307 1184 394 ἐκβληθῇ

170 415 264 502 μέχρι
293 424 352 481 τοῦ
376 421 430 498 Μ,
459 416 538 501 ὅπερ
563 413 653 479 ἐστὶν
676 413 729 479 ἐπὶ
752 424 809 498 τῆς
833 415 1027 499 ἐπιφανείας
1049 425 1108 479 τοῦ
1129 439 1188 479 κυ-

171 525 324 610 λίνδρου,
354 524 429 607 δίχα
457 525 547 587 ἔσται
575 520 756 605 τετμημένη
779 523 862 586 κατὰ
885 523 922 586 τὸ
948 527 983 586 Z.
1031 520 1099 587 ἐπεὶ
1121 523 1187 608 γάρ

170 630 190 714 ῆ
216 636 280 696 ΓΑ
303 631 478 716 διάμετρος
499 629 582 714 πρὸς
605 628 711 714 ὀρθάς
734 627 803 692 ἐστι
826 639 865 714 τῆ
892 631 970 711 ΘΚ,
1000 635 1055 712 ίση
1079 632 1139 716 ἄρα
1161 631 1186 714 ἡ

135 750 151 798 5
173 743 240 803 ΘΚ
261 749 300 824 τῆ
324 741 403 802 ΚΝ.
448 733 504 804 καὶ
527 735 731 821 παράλληλοι
755 737 792 799 αί
807 739 900 818 ΜΝ,
920 738 1003 817 ΛΚ,
1023 740 1105 801 ΗΘ·
1129 743 1186 821 ίση

172 847 235 931 ἄρα
259 846 280 929 ἡ
303 848 376 908 ΜΖ
399 853 438 929 τῆ
464 848 535 907 ΖΕ.

551 1039 552 1043 ,
650 965 706 1050 ιβ’.

235 1092 312 1157 Ἐάν
334 1086 513 1176 κύλινδρος
531 1091 672 1179 ἐπιπέδῳ
692 1098 803 1176 τμηθῆ
822 1089 975 1175 τέμνοντι
994 1089 1056 1176 μὲν
1074 1094 1110 1157 τὸ
1128 1101 1191 1176 τῆς

171 1200 297 1284 βάσεως
325 1197 482 1263 ἐπίπεδον
510 1198 600 1275 ἐκτὸς
628 1207 687 1263 τοῦ
715 1199 854 1282 κύκλου,
880 1198 901 1282 ἡ
926 1197 962 1263 δὲ
984 1201 1080 1283 κοινῆ
1104 1200 1190 1283 τομῆ

119 1321 152 1367 10
171 1318 238 1372 τῶν
267 1303 430 1369 ἐπιπέδων
459 1307 542 1389 πρὸς
572 1305 679 1391 ὀρθὰς
707 1299 729 1391 ᾗ
759 1315 798 1391 τῆ
827 1303 922 1388 βάσει
952 1314 1012 1370 τοῦ
1040 1306 1097 1370 διὰ
1125 1315 1190 1370 τοῦ

172 1411 288 1490 ἄξονος
315 1403 658 1496 παραλληλογράμμου
687 1409 707 1493 ἢ
730 1421 769 1496 τῆ
794 1408 843 1475 ἐπ’
870 1411 1004 1488 εὐθείας
1026 1412 1124 1497 αὐτῆ,
1151 1413 1193 1476 αί

172 1519 329 1602 ἀγόμεναι
358 1517 487 1582 εὐθεῖαι
515 1517 579 1581 άπὸ
605 1526 663 1600 τῆς
685 1527 787 1602 τομῆς
809 1525 867 1601 τῆς
890 1517 926 1583 έν
949 1529 988 1604 τῆ
1012 1517 1191 1605 ἐπιφανείᾳ

171 1635 231 1690 τοῦ
254 1626 436 1710 κυλίνδρου
459 1621 638 1707 γενομένης
660 1623 725 1688 ὑπὸ
749 1633 809 1688 τοῦ
830 1621 1007 1708 τέμνοντος
1030 1624 1190 1690 ἐπιπέδου

171 1732 376 1818 παράλληλοι
399 1740 438 1816 τῆ
461 1732 545 1817 πρὸς
568 1731 674 1817 ὀρθάς
697 1741 736 1816 τῆ
759 1730 855 1813 βάσει
877 1739 937 1795 τοῦ
958 1731 1015 1796 διά
1033 1740 1093 1796 τοῦ
1112 1731 1188 1810 ἄξο-

121 1853 153 1901 15
172 1864 230 1917 νος
252 1836 598 1923 παραλληλογράμμου
621 1836 641 1920 ii
665 1845 704 1922 τῆ
728 1834 778 1901 ἐπ’
800 1837 934 1913 εὐθείας
952 1837 1035 1922 αὐτῆ
1055 1835 1107 1902 ἐπὶ
1126 1841 1189 1922 τῆν

172 1947 289 2029 κοινῆν
312 1945 417 2027 τομὴν
434 1953 502 2007 τῶν
521 1941 685 2009 ἐπιπέδων
702 1952 882 2008 πεσοῦνται
904 1941 960 2007 καὶ
982 1949 1188 2030 προσεκβαλ-

173 2055 308 2136 λόμεναι
330 2048 392 2126 ἕως
414 2058 474 2114 τοῦ
498 2047 610 2134 ἑτέρου
632 2049 752 2134 μέρους
770 2059 828 2133 τῆς
846 2059 947 2134 τομῆς
966 2051 1041 2134 δίχα
1060 2055 1190 2136 τμηθῆ-

174 2176 289 2223 σονται
308 2157 373 2221 ὐπὸ
392 2165 449 2240 τῆς
467 2166 581 2240 κοινῆς
599 2167 699 2241 τομῆς
717 2168 785 2221 τῶν
803 2154 977 2239 ἐπιπέδων,
991 2155 1046 2221 καὶ
1064 2157 1085 2240 ἡ
1103 2161 1190 2244 πρὸς

174 2265 279 2352 ὀρθὰς
302 2275 341 2351 τῆ
362 2263 456 2346 βάσει
475 2271 535 2326 τοῦ
554 2263 610 2327 διὰ
628 2272 688 2327 τοῦ
708 2261 825 2340 ἄξονος
842 2264 1189 2349 παραλληλογράμμου

120 2373 193 2457 κοῆ
217 2384 256 2459 τῆ
280 2369 330 2437 ἐπ’
351 2371 484 2446 εὐθείας
504 2369 585 2455 αὐτῆ
605 2369 713 2455 ὀρθοῦ
731 2366 792 2453 μὲν
811 2371 907 2445 ὄντος
924 2378 983 2433 τοῦ
1002 2372 1188 2455 κυλίνδρου

172 2481 255 2567 πρὸς
282 2479 389 2564 ὀρθάς
417 2481 506 2542 ἔσται
533 2474 588 2541 καὶ
615 2485 654 2561 τῆ
682 2487 777 2562 κοινῆ
801 2487 883 2562 τομῆ
906 2483 966 2540 τοῦ
989 2499 1024 2540 τε
1047 2477 1104 2540 διὰ
1126 2487 1189 2543 τοῦ

174 2585 290 2664 ἄξονος
310 2583 654 2671 παραλληλογράμμου
672 2580 727 2647 καὶ
746 2591 805 2647 τοῦ
825 2581 1000 2666 τέμνοντος
1020 2582 1188 2668 ἐπιπέδου,

175 2698 342 2774 σκαληνοῦ
356 2687 393 2754 δέ
412 2693 508 2766 ὄντος
526 2689 646 2773 οὐκέτι,
664 2692 751 2773 πλὴν
769 2690 850 2754 ὅταν
867 2691 904 2754 τὸ
924 2690 980 2754 διὰ
994 2699 1054 2754 τοῦ
1069 2688 1187 2767 ἄξονος

176 2798 331 2863 ἐπίπεδον
352 2797 436 2882 πρὸς
458 2796 564 2882 ὀρθάς
586 2791 608 2882 ᾖ
631 2805 669 2881 τῆ
693 2796 787 2880 βάσει
810 2805 869 2860 τοῦ
893 2797 1084 2882 κυλίνδρου.

122 2917 156 2966 25
243 2907 324 2969 ἔστω
347 2903 535 2988 κύλινδρος,
559 2899 599 2967 οὐ
622 2903 735 2986 βάσεις
757 2899 818 2986 μὲν
836 2904 871 2966 οί
887 2909 932 2986 Α,
952 2907 980 2968 Β
999 2903 1126 2988 κύκλοι,
1148 2903 1185 2968 τὸ

176 3009 212 3076 δέ
247 3012 303 3076 διὰ
335 3019 395 3074 τοῦ
427 3007 543 3086 ἄξονος
574 3011 917 3095 παραλληλόγραμμον
949 3010 986 3074 τὸ
1020 3013 1098 3092 ΓΔ,
1131 3007 1186 3074 καὶ

247 3210 271 3258 5.
292 3204 366 3269 MN,
382 3207 444 3271 ΛΚ,
461 3203 535 3274 ΗΘ]
551 3204 625 3270 ΝΜ,
640 3206 704 3270 ΚΛ,
721 3205 781 3257 ΘΗ
793 3220 828 3270 pf
876 3207 899 3255 6.
922 3203 989 3274 ΖΕ]
1006 3205 1030 3255 Ε
1045 3218 1059 3255 e
1074 3213 1142 3257 c'orr.
1157 3221 1182 3272 p.

212 3281 235 3330 8.
259 3274 370 3346 τμηθῇ]
394 3273 438 3326 bis
457 3274 483 3328 V
506 3276 574 3327 extr.
594 3277 623 3328 et
641 3272 702 3328 im't.
722 3271 771 3327 lin.
863 3277 903 3327 12.
930 3274 1052 3345 εὐθεῖαι]
1077 3273 1182 3328 abhoc

176 3381 313 3438 uocabulo
332 3380 433 3451 incipit
450 3380 498 3435 fol.
516 3386 566 3436 1‘10
584 3380 615 3434 in
632 3380 665 3449 V,
691 3346 728 3422 ‘q
743 3380 807 3435 add.
822 3399 857 3435 m.
873 3387 898 3437 2.
961 3377 1181 3452 τεμνομένης]

176 3455 209 3524 V,
238 3452 403 3524 γινομένηςθ
423 3470 450 3522 ο,
477 3449 668 3522 τεμ(ν)ομένης
689 3470 715 3520 p.
808 3457 848 3507 14.
877 3459 927 3506 τοῦ
949 3450 1013 3523 διά]
1037 3461 1070 3524 τῆ
1089 3449 1138 3506 διά
1159 3469 1180 3505 c.

214 3531 254 3579 15.
273 3525 341 3579 Post
360 3527 429 3597 αὐτῆ
451 3523 505 3578 del.
525 3523 555 3578 αἱ
573 3523 710 3592 ἀγόμεναι
729 3524 840 3578 εὐθεῖαι
857 3543 884 3594 p.
957 3521 1003 3578 ἐπί
1022 3557 1055 3564 -
1076 3531 1116 3579 16.
1136 3542 1181 3580 τιε-
