2504 3928
164 179 230 242 194
477 181 566 232 ΠΕΡΙ
583 181 712 234 mor
728 182 864 236 ΤοΜΗΣ.

162 325 201 389 τὸ
225 328 253 387 Β
277 322 416 407 κέντρον
437 325 573 407 κύκλος,
600 333 660 389 τοῦ
689 321 725 390 δὲ
752 327 836 411 πρὸς
862 325 968 409 ὀρθάς
994 335 1044 414 τςό
1072 327 1181 411 κύκλῳ

162 431 328 516 τριγώνου
353 430 409 495 διὰ
432 439 491 494 τοῦ
513 429 630 508 ἄξονος
647 429 792 515 ἠγμένον
811 432 908 516 βάσις
926 436 1008 498 ἔστω
1029 432 1052 516 ἡ
1074 435 1183 514 ΓΒΔ,

162 534 218 601 καὶ
247 536 267 620 ἡ
296 537 362 606 ὑπὸ
393 542 498 602 ΑΒΔ
525 540 630 621 γωνία
661 537 805 604 ἐλάττων
834 541 916 604 ἔστω
945 539 1070 627 ὀρθῆς,
1102 540 1183 602 ὥστε

162 645 224 728 τὴν
246 648 312 709 ΑΒ
341 642 395 708 έτιλ
421 645 462 708 τά
484 650 519 708 A
540 643 621 730 μέρη
645 646 857 731 τροσνεύειν,
879 644 935 711 καὶ
961 649 1045 712 ἔστω
1071 645 1093 729 ἡ
1118 648 1182 709 ΑΒ

126 752 207 836 ομὴ
231 750 374 816 ἐλάττων
397 760 455 835 τῆς
477 750 513 815 ἐκ
533 759 593 814 τοῦ
610 749 759 838 κέντρου.
800 750 896 835 λέγω,
919 753 1025 818 ὅτιτὸ
1048 753 1109 817 διὰ
1127 760 1183 833 τῆς

161 861 229 922 ΑΒ
253 853 418 933 ἰσοσκελὲς
440 855 595 941 μέγιστόν
619 857 688 922 ἐστι
706 870 774 923 τῶν
793 857 979 943 γινομένων
998 861 1182 925 ἰσοσκελῶν

161 965 336 1049 τριγώνων
363 974 430 1029 τῶν
458 962 576 1048 μεταξὺ
604 976 671 1029 τῶν
694 968 737 1048 Β,
760 971 794 1030 A
817 969 961 1050 σημείων
984 968 1044 1043 τὰς
1068 965 1181 1049 βάσεις

163 1070 317 1154 ἐχόντων.

229 1179 380 1261 εἰλήφθω
405 1175 458 1242 ἐπὶ
480 1187 539 1260 τῆς
560 1182 628 1242 ΒΔ
651 1180 752 1262 τυχὸν
776 1190 912 1262 σημεῖον
935 1181 971 1244 τὸ
998 1185 1035 1263 Ε,
1059 1177 1119 1244 καί
1142 1185 1179 1260 τῇ

110 1301 143 1349 10
163 1287 228 1349 ΓΛ
250 1285 333 1370 πρὸς
360 1283 466 1370 ὀρθὰς
494 1285 654 1368 ἤχθωσαν
677 1284 713 1349 ἐν
736 1295 782 1373 τῷ
804 1287 913 1373 κύκλςο
938 1288 975 1350 αί
996 1290 1075 1370 ΒΖ,
1101 1286 1179 1364 ΕΗ,
1242 1331 1243 1344 .

162 1389 218 1456 καί
241 1391 425 1475 ἐπεζεύχθω
448 1388 468 1474 ἡ
493 1396 568 1455 ΑΒ.

228 1496 248 1582 ἡ
273 1499 314 1582 δὴ
339 1503 406 1564 ΒΑ
429 1507 487 1581 τῆς
509 1503 578 1562 ΑΕ
599 1499 671 1580 ἄμοι
695 1498 839 1563 ἐλάττων
858 1497 949 1564 ε’στὶν
966 1497 987 1582 ἣ
1006 1500 1068 1564 ούκ
1088 1496 1178 1562 ἐστιν

164 1607 318 1672 ἐλάττων.

228 1714 419 1779 ὑποκείσθω
448 1711 489 1794 δὴ
517 1712 560 1795 μὴ
589 1706 674 1776 εἶναι
702 1711 846 1777 ἐλάττων
877 1709 893 1793 ἡ
921 1715 988 1776 BA
1016 1721 1074 1796 τῆς
1101 1712 1173 1774 ΑΕ.
1243 1787 1244 1796 ,

111 1836 145 1884 15
165 1819 233 1886 ἐπεὶ
262 1817 324 1886 οὖν
351 1817 371 1903 ἡ
400 1823 467 1882 ΒΑ
490 1827 548 1900 τῆς
571 1822 635 1881 ΑΒ
656 1818 716 1881 οὐκ
740 1817 899 1900 ἐλάττων,
927 1817 1071 1882 ἐλάττων
1096 1809 1171 1893 6ὲὴ
1243 1829 1244 1840 ’

161 1932 236 1992 ΕΗ
254 1936 312 2010 τῆς
330 1929 407 2009 ΒΖ,
430 1923 450 2008 ἡ
470 1927 536 1989 ΑΒ
559 1925 623 2007 ἄρα
646 1925 729 2010 πρὸς
747 1929 814 1988 ΑΕ
835 1927 966 2008 μείζονα
989 1926 1091 2007 λόγον
1110 1924 1171 2004 ἔχει

161 2036 243 2118 ἤπερ
271 2032 291 2115 ἡ
315 2037 391 2097 ΕΗ
412 2033 495 2117 πρὸς
519 2034 594 2095 ΒΖ·
621 2031 658 2094 τὸ
687 2031 751 2116 ἄρα
777 2031 842 2095 ὑπὸ
870 2035 951 2115 ΑΒ,
975 2035 1039 2096 ΒΖ
1064 2029 1173 2115 μεῖζόν

162 2141 231 2206 ἐστι
259 2148 319 2204 τοῦ
341 2138 406 2204 ὑπὸ
430 2143 511 2220 ΑΕ,
534 2141 612 2201 ΕΗ.
659 2135 742 2202 ἀλλὰ
764 2146 809 2225 τῷ
834 2134 894 2221 μὲν
916 2138 981 2202 ὑπὸ
1005 2142 1085 2221 ΑΒ,
1109 2136 1169 2200 ΒΖ

164 2254 240 2312 ἴσον
263 2245 332 2311 ἐστὶ
354 2246 392 2310 τὸ
415 2247 580 2329 τρίγωνον
602 2245 640 2308 τὸ
663 2243 762 2326 βάσιν
785 2247 861 2327 ἔχον
883 2245 945 2327 τὴν
968 2244 1088 2327 διπλῆν
1115 2250 1169 2323 τῆς

108 2366 143 2415 20
162 2359 239 2438 ΒΖ,
267 2354 352 2432 ύιγος
380 2348 416 2416 δὲ
443 2353 504 2435 τὴν
522 2355 613 2434 ΔΑΒ,
641 2349 790 2415 τουτέστι
818 2352 854 2416 τὸ
886 2352 941 2415 διὰ
969 2359 1029 2415 τοῦ
1057 2349 1168 2429 ἄξονος

163 2459 337 2544 ἰσοσκελές,
360 2468 405 2547 τῷ
430 2455 466 2523 δέ
488 2458 553 2523 ὑπὸ
573 2463 653 2539 ΑΒ,
672 2462 746 2522 ΕΗ
765 2463 839 2522 ἴσον
862 2455 931 2523 ἐστὶ
949 2459 986 2522 τὸ
1008 2461 1168 2544 τρίγωνον

161 2569 198 2631 τὸ
222 2567 320 2649 βάσιν
343 2562 404 2650 μὲν
426 2568 503 2649 ἔχον
525 2567 585 2648 τὴν
609 2565 730 2648 διπλῆν
753 2573 810 2648 τῆς
833 2568 915 2648 ΕΗ,
944 2564 1030 2640 ύψος
1053 2560 1166 2644 δὲτὴν

162 2676 244 2737 ΑΕ·
268 2673 305 2736 τὸ
329 2673 393 2757 ἄρα
416 2673 472 2736 6ιὰ
495 2680 555 2735 τοῦ
578 2669 695 2749 ἄξονος
715 2666 879 2747 ἰσοσκελὲς
896 2673 1006 2755 μεῖζόν
1026 2670 1093 2735 ἐστι
1111 2674 1166 2733 τοῦ
1244 2721 1245 2760 ,

162 2779 218 2844 διὰ
241 2788 299 2862 τῆς
316 2782 386 2842 ΑΕ
407 2780 606 2854 ίσοσκελοῦς.
644 2777 764 2861 ὁμοίως
788 2774 824 2842 δὲ
847 2778 1026 2860 δείκνυται,
1050 2778 1099 2842 ὅτι
1116 2769 1164 2839 καὶ

108 2897 143 2947 25
161 2885 297 2950 πάντων
326 2895 393 2949 τῶν
422 2883 542 2968 μεταξὺ
571 2895 638 2949 τῶν
671 2890 714 2968 Β,
736 2890 769 2948 A
801 2885 858 2960 τὰς
888 2884 1000 2967 βάσεις
1031 2883 1166 2968 ἐχόντων

160 2991 315 3078 μέγιστόν
339 2991 407 3056 ἐστι
429 2993 466 3056 τὸ
490 2992 546 3056 διὰ
569 3000 628 3056 τού
652 2989 778 3069 ἄξονος.

106 3190 109 3200 “
232 3191 256 3239 1.
276 3185 360 3310 Βρρ,
384 3202 437 3239 om.
456 3184 517 3253 Vv,
541 3200 622 3238 enan.
642 3200 664 3237 c.
751 3179 879 3254 κέντρον]
898 3199 973 3251 vop,
996 3179 1059 3237 κέν·
1078 3179 1161 3250 suppl

159 3273 197 3310 m.
216 3272 270 3310 ree.
395 3255 443 3344 δέ]
464 3271 516 3309 om.
537 3272 560 3309 ο.
650 3261 674 3308 2.
695 3273 777 3323 τριγω
757 3255 843 3326 ὡνου]
863 3270 916 3308 om.
935 3272 962 3323 p.
1035 3251 1150 3324 ἠγμένον

160 3324 271 3400 ἡγμένῳ
289 3327 335 3381 Vc
342 3328 490 3398 ,ἠγμενου
508 3346 540 3394 τρ
593 3343 689 3394 νοορ.
765 3330 787 3378 7.
806 3325 874 3396 των]
894 3341 947 3378 om
966 3343 993 3394 p.
1061 3331 1100 3378 14.
1118 3325 1134 3377 ὃ

161 3411 241 3451 enan
262 3413 284 3451 ο.
358 3403 399 3452 17.
418 3397 449 3452 τὸ
469 3396 536 3467 ἄρα]
542 3326 650 3450 ιᾶίεν.
725 3399 766 3450 19
784 3395 816 3449 τί
829 3395 962 3467 (116)]
981 3395 1012 3449 τὸ
1030 3395 1113 3464 cdv,
1134 3413 1146 3446 τ
1243 3451 1244 3466 ,

160 3465 249 3532 τήνο.
303 3468 367 3556 τήν]
383 3485 469 3522 om..c
527 3472 568 3520 24.
587 3467 648 3554 τῆς]
662 3473 711 3519 τοῦ
695 3484 752 3534 v.p
804 3466 945 3521 ἰσοσκελοῦ
931 3413 1013 3537 pe]p‚
1033 3439 1160 3524 ἰσοσκελές

160 3533 215 3590 Vc.
276 3542 317 3589 26.
336 3539 379 3607 ο]
399 3554 451 3591 om
466 3537 524 3606 Vc,
543 3537 636 3589 ὸ
593 3556 676 3606 ργ
677 3536 818 3605 νοντόρ.
877 3535 925 3591 διὰ
939 3536 1159 3608 τοῦ]ἱιιτοε.μ
