2592 3932
440 147 490 196 uu
508 145 684 196 suerroun
704 145 798 198 conr.
1056 141 1121 205 243

98 289 170 373 qui
194 289 227 353 in
247 288 311 362 ΟΞ
332 289 512 373 descriptus
537 292 594 366 est,
614 287 669 370 qui
688 308 752 351 una
772 309 844 351 cum
863 287 939 350 datu
958 286 1121 373 triangulo

98 396 141 459 in
174 399 241 460 en
260 395 422 480 descripto
446 393 588 478 aequalis
612 398 662 458 est
686 393 825 458 maximo
849 393 1055 479 minimoque.

542 587 689 653 XLVIII.

180 713 214 778 Si
237 714 375 778 duorum
393 713 632 800 triangulorum
650 736 708 798 per
727 735 819 777 axem
838 713 1008 777 ductorum
1030 710 1122 777 bases

101 821 149 884 ad
183 820 377 885 diametrum
405 842 463 905 per
490 819 786 904 perpendicularem
813 820 943 883 ductam
973 818 1121 902 aequales

101 949 204 992 arcus
235 924 441 1009 abscindunt,
471 926 628 1011 trianguli
656 925 743 990 inter
773 946 806 989 se
837 925 985 1009 aequales
1014 929 1121 1011 erunt3

100 1038 270 1098 nocentur
298 1036 406 1097 autem
435 1033 826 1116 correspondentes.

773 1224 778 1234 Δ
885 1139 928 1203 sit
943 1159 1053 1222 conus,
1069 1160 1122 1202 eu-

752 1258 753 1261 ’
838 1247 889 1312 ius
902 1251 1014 1312 uertex
1027 1246 1070 1310 sit
1080 1252 1122 1332 A,

839 1353 928 1417 basis
943 1356 1052 1429 autem
1062 1353 1121 1418 cir-

839 1458 930 1523 culus
951 1458 1071 1524 circum
1091 1463 1120 1522 Β

874 1568 1021 1628 centrum
1045 1565 1096 1628 dc

839 1670 987 1755 scriptus,
1003 1673 1035 1734 et
1050 1670 1119 1734 axis

838 1781 917 1862 AB,
946 1777 986 1840 ἃᾶ
1014 1775 1120 1840 basim

838 1888 946 1947 eutem
984 1904 1119 1967 perpen-

746 2054 778 2103 Γ
839 1989 990 2054 diculeris
1042 1995 1074 2053 A
1080 1993 1120 2075 Γ,

840 2096 1016 2161 diametrus
1063 2119 1120 2160 au-

838 2207 905 2268 tem
933 2225 991 2287 per
1017 2224 1119 2286 punc-

838 2313 909 2373 tum
948 2308 1118 2394 perpendi-

839 2415 955 2479 cularis
971 2417 1003 2478 Γ
1022 2414 1119 2478 ducta

838 2519 1016 2604 APBE¹),
1046 2542 1119 2604 pro-

104 2629 266 2693 ducantur
293 2634 402 2695 autem
427 2633 538 2715 ZBH,
563 2632 665 2694 ΘΒΚ
689 2650 782 2695 arcus
812 2627 962 2712 aequales
986 2627 1026 2691 ad
1049 2631 1119 2691 ΕΛ

105 2734 331 2801 abscindentes
366 2740 449 2818 ΚΛ,
472 2740 553 2801 AH.
608 2736 694 2820 dice,
726 2734 908 2822 triangulos
936 2756 994 2819 per
1026 2756 1118 2799 axem

105 2839 236 2925 ductor,
259 2864 397 2927 quorum
419 2843 514 2907 bases
538 2843 604 2907 sint
629 2847 710 2928 ZH,
731 2846 809 2925 ΘΚ,
836 2843 921 2906 inter
944 2863 978 2905 se
1002 2862 1118 2925 aeque-

104 2945 152 3012 les
177 2970 254 3016 esse.

11 3123 12 3150 p
175 3056 375 3124 describatur
394 3058 515 3124 circum
534 3057 727 3122 diametrum
745 3058 809 3119 ΒΓ
822 3055 960 3120 circulus
980 3056 1118 3138 BAFM,

11 3153 12 3234 l
107 3166 326 3251 ducanturque
359 3168 441 3249 ΑΛ,
467 3168 556 3250 ΑΜ;
587 3162 697 3247 itaque
729 3159 1008 3247 perpendiculares
1043 3163 1118 3223 sunt

11 3311 13 3384 p
107 3275 175 3337 ΑΛ
198 3273 238 3337 ἃᾶ
258 3276 339 3358 ΖΗ,
357 3276 436 3338 AM
459 3275 566 3336 autem
590 3271 630 3335 ad
651 3271 719 3333 ΘΚ
735 3267 839 3352 [prop.
858 3265 965 3331 XLVI
984 3265 1117 3349 coroll.].

11 3499 13 3608 p
179 3503 204 3571 1)
223 3501 322 3570 Itaque
342 3500 461 3571 figurem
483 3507 494 3552 1
516 3499 605 3554 solam
623 3495 746 3567 respicIt.
765 3514 784 3565 p
808 3494 853 3566 fig.
875 3501 890 3549 2
915 3493 1003 3548 solem
1022 3492 1117 3548 hebet.

11 3617 12 3656 q
903 3584 955 3639 re*
