2504 3928
169 184 231 249 158
481 187 568 238 ΠΕΡΙ
586 185 714 238 Κάνου
731 185 868 238 rom.

167 327 236 396 έπεὶ
258 325 320 396 οὖν
343 330 380 394 τὸ
399 326 459 414 μὲν
477 329 540 395 ἀπὸ
559 339 616 413 τῆς
630 333 695 394 ΑΒ
719 339 787 393 τῶν
805 327 869 394 άπὸ
888 333 963 411 AA,
976 333 1009 391 A
1015 332 1043 392 Β
1065 330 1174 412 μεῖζόν

167 435 235 502 ἐστι
249 445 294 525 τῷ
310 435 363 514 δὶς
376 436 441 502 ὑπὸ
455 442 530 520 AA,
544 442 577 500 A
582 440 621 520 E,
640 433 789 501 τουτέστι
802 445 847 524 τῷ
863 433 915 511 δὶς
929 434 994 500 ὑπὸ
1008 439 1081 516 AA,
1096 440 1130 498 A
1138 439 1174 518 Ζ,

45 625 49 633 ι
166 545 203 609 τὸ
231 539 268 608 δὲ
296 541 360 607 άπὸ
387 545 457 607 ΑΓ
484 552 551 607 τῶν
578 540 642 607 άπὸ
670 546 755 624 AA,
777 543 849 606 ΛΓ
872 543 1008 606 ἔλαττόν
1035 540 1102 605 ἐστι
1130 549 1174 627 τῷ

167 651 256 739 αὐτῷ
284 659 328 738 τῷ
356 647 409 726 δὶς
435 647 500 713 ὑπὸ
528 652 611 731 AA,
635 652 719 731 AZ,
751 648 791 711 τά
821 649 885 734 άρα
913 647 976 713 ἀπὸ
1006 652 1085 731 ΒΑ,
1110 651 1179 712 ΑΓ

133 770 148 818 5
168 763 223 823 ίσα
246 754 315 822 ἐστὶ
338 767 407 832 τοῖς
429 752 492 819 άπὸ
516 758 593 836 BA,
612 756 684 818 AF
703 749 759 817 καὶ
781 762 826 842 τῷ
850 751 903 829 δὶς
926 753 990 818 άπὸ
1013 762 1070 836 τῆς
1092 759 1175 818 AA·

167 865 245 951 ὅπερ
270 864 336 928 ἔδει
359 859 470 939 δείξαι.

641 956 697 1040 ιη’.

229 1074 305 1140 Ἐάν
324 1075 492 1161 τεσσάρων
511 1074 653 1139 εὐθειῶν
671 1071 821 1159 ἡπρώτη
839 1074 922 1159 πρὸς
940 1074 1001 1157 τὴν
1015 1073 1173 1160 δευτέραν

165 1186 297 1268 μείζονα
324 1184 425 1264 λόγον
453 1183 509 1266 έχη
537 1182 618 1267 ἥπερ
646 1179 667 1263 ἡ
693 1183 786 1267 τρίτη
813 1181 897 1266 πρὸς
923 1181 984 1264 τὴν
1006 1181 1173 1268 τετάρτην,

112 1304 145 1351 10
164 1288 219 1355 καὶ
251 1291 289 1354 τὸ
321 1285 384 1353 άπὸ
415 1297 474 1372 τῆς
499 1289 632 1374 πρώτης
663 1290 746 1374 πρὸς
778 1288 815 1352 τὸ
844 1287 907 1352 ἀπὸ
934 1296 992 1371 τῆς
1019 1286 1174 1374 δευτέρας

164 1400 295 1482 μείζονα
323 1398 424 1478 λόγον
450 1392 514 1472 ἕξει
541 1395 623 1480 ἤπερ
651 1395 688 1459 τὸ
717 1393 780 1459 ἀπὸ
808 1403 866 1477 τῆς
888 1397 1000 1480 τρίτης
1026 1396 1111 1481 πρὸς
1137 1394 1172 1459 τὸ

165 1503 228 1569 ἀπὸ
256 1513 313 1587 τῆς
339 1503 502 1589 τετάρτης.
548 1500 611 1566 κάν
638 1502 675 1566 τὸ
703 1500 766 1566 άπὸ
793 1509 852 1584 τῆς
874 1502 1005 1587 πρώτης
1030 1503 1115 1587 πρὸς
1137 1502 1172 1565 τὸ

164 1609 228 1675 άπὸ
251 1619 309 1693 τῆς
332 1607 486 1695 δευτέρας
510 1610 641 1692 μείζονα
664 1610 766 1690 λόγον
789 1610 845 1693 ἔχη
868 1608 950 1694 ἤπερ
973 1609 1010 1672 τὸ
1034 1606 1099 1674 άπὸ
1119 1615 1173 1690 τῆς

164 1721 276 1804 τρίτης
298 1717 381 1803 πρὸς
403 1716 440 1780 τὸ
463 1715 527 1780 άπὸ
550 1723 608 1798 τῆς
630 1714 799 1801 τετάρτης,
826 1713 982 1801 ἡπρώτη
1007 1716 1093 1801 πρὸς
1115 1716 1174 1798 τὴν
1243 1725 1244 1772 3

112 1836 145 1884 15
165 1823 323 1910 δευτέραν
350 1826 480 1907 μείζονα
508 1825 609 1905 λόγον
636 1825 701 1906 ἔχει
728 1823 809 1907 ἥπερ
837 1820 858 1904 ἡ
881 1823 974 1908 τρίτη
1001 1823 1086 1908 πρὸς
1115 1823 1173 1905 τὴν

163 1930 329 2016 τετάρτην.

230 2039 377 2101 έστωσαν
395 2034 524 2099 εὐθεῖαι
543 2036 580 2099 αί
595 2041 637 2118 A,
652 2039 691 2118 Β,
711 2037 748 2118 Γ,
767 2040 809 2116 A,
833 2032 930 2117 ἐχέτω
950 2030 987 2098 δὲ
1005 2033 1025 2117 ἡ
1041 2042 1074 2099 A
1092 2035 1173 2121 πρὸς
1243 2019 1244 2040 ¹

163 2145 224 2228 τὴν
247 2147 275 2207 Β
303 2145 434 2226 μείζονα
461 2144 562 2223 λόγον
588 2142 671 2227 ἥπερ
697 2140 718 2224 ἡ
743 2144 775 2206 Γ
796 2142 879 2228 πρὸς
905 2142 967 2225 τὴν
989 2147 1031 2206 A.
1078 2141 1172 2224 λέγω,

163 2251 214 2316 ότι
244 2247 300 2314 καὶ
332 2250 369 2313 τὸ
397 2247 461 2313 άπὸ
488 2257 545 2331 τῆς
568 2253 601 2312 Α
631 2250 714 2335 πρὸς
741 2249 778 2313 τὸ
806 2247 870 2313 άπὸ
897 2255 955 2330 τῆς
982 2251 1011 2311 Β
1041 2251 1172 2332 μείζονα

111 2370 144 2419 20
163 2360 264 2440 λόγον
287 2359 352 2442 ἔχει
374 2356 456 2441 ἤπερ
480 2355 517 2420 τὸ
542 2354 605 2420 άπὸ
628 2364 687 2439 τῆς
710 2358 742 2420 Γ
758 2356 841 2442 πρὸς
862 2355 899 2418 τὸ
923 2352 987 2418 άπὸ
1010 2363 1069 2438 τῆς
1091 2359 1133 2419 A.

229 2462 297 2530 ἐπεὶ
320 2463 383 2549 γάρ
407 2461 425 2528 ὁ
448 2469 505 2546 τῆς
528 2466 560 2526 Α
587 2462 670 2548 πρὸς
696 2462 756 2545 τὴν
778 2465 807 2525 Β
837 2463 935 2542 λόγος
961 2463 1079 2544 μείζων
1103 2455 1170 2525 ἐστὶ

162 2581 221 2636 τοῦ
244 2579 302 2654 τῆς
321 2572 353 2634 Γ
370 2569 452 2656 πρὸς
474 2569 535 2652 την
553 2573 596 2652 A,
618 2565 673 2632 καὶ
692 2566 710 2632 ὁ
729 2576 788 2632 τοῦ
807 2570 954 2652 μείζονος
972 2568 1036 2653 άρα
1055 2563 1169 2632 διπλά-

162 2694 234 2753 σιος
256 2679 375 2760 μείζων
403 2672 471 2740 ε’στλ
499 2683 558 2739 τοῦ
586 2682 646 2739 τοῦ
670 2673 843 2750 ἐλάττονος
870 2674 1055 2738 διπλασίου.
1102 2675 1168 2738 ἔστι

162 2781 198 2848 δὲ
220 2791 281 2847 τοῦ
304 2778 365 2866 μὲν
388 2789 445 2864 τῆς
468 2786 500 2844 A
526 2781 609 2867 πρὸς
636 2782 697 2864 τὴν
719 2785 748 2845 Β
776 2783 877 2862 λόγου
906 2783 1054 2865 μείζονος
1077 2781 1169 2852 όντος

108 2901 142 2950 25
161 2889 334 2965 διπλάσιος
357 2886 375 2952 ὁ
398 2895 458 2952 τοῦ
481 2886 544 2952 άπὸ
569 2895 625 2971 τῆς
644 2893 676 2951 A
697 2888 779 2973 πρὸς
798 2887 835 2952 τὸ
854 2887 917 2952 ἀπὸ
935 2895 994 2970 τῆς
1011 2890 1039 2950 Β
1064 2889 1169 2968 λόγος,

159 3006 219 3064 τοῦ
252 2993 289 3061 δέ
320 3003 378 3078 τῆς
410 2997 442 3058 Γ
468 2996 552 3081 πρὸς
583 2995 644 3078 τὴν
672 3000 705 3058 A
736 2996 837 3077 λόγου
870 2993 1043 3070 έλάττονος
1075 2995 1167 3065 ὄντος

161 3104 334 3180 διπλάσιος
356 3101 374 3168 ὁ
397 3109 457 3167 τοῦ
481 3100 544 3166 άπὸ
568 3109 626 3185 τῆς
649 3104 681 3165 Γ
703 3102 785 3188 πρὸς
811 3101 849 3165 τὸ
872 3100 936 3166 άπὸ
958 3108 1017 3183 τῆς
1038 3105 1083 3164 A·
1114 3093 1166 3162 καί

162 3210 179 3276 ὁ
198 3218 257 3275 τοῦ
277 3208 341 3274 άπὸ
359 3217 417 3291 τῆς
435 3214 467 3272 Α
490 3209 554 3294 άρα
572 3208 655 3293 πρὸς
672 3209 709 3272 τὸ
728 3206 792 3272 άπὸ
810 3215 867 3290 τῆς
886 3211 914 3271 Β
939 3208 1036 3288 λόγος
1053 3208 1165 3291 μείζων

162 3314 230 3381 ἐστὶ
253 3324 313 3380 τοῦ
337 3323 397 3379 τοῦ
421 3313 484 3379 ἀπὸ
507 3322 565 3397 τῆς
588 3315 620 3377 Γ
637 3314 720 3400 πρὸς
743 3315 779 3379 τὸ
803 3313 867 3379 άπὸ
890 3321 947 3397 τῆς
968 3318 1011 3377 A.

233 3477 257 3525 1.
275 3471 342 3541 AB]
362 3476 411 3524 BA
429 3488 455 3538 p.
542 3468 887 3542 ἀπό(α1λ.)]άπὸτι”ονρ.
973 3475 997 3525 3.
1017 3476 1078 3540 ΑΔ,
1096 3465 1167 3605 AF]

163 3539 281 3608 Comm.;
308 3546 370 3608 ΑΔ,
388 3540 516 3609 AI'V03
540 3549 594 3594 τῶν
615 3543 752 3611 ΓΔ,ΔΑ,
776 3548 929 3611 Αοοοεε,
951 3560 978 3611 p.
1055 3547 1080 3596 4.
1099 3535 1155 3596 ἀπό
