2592 3932
183 182 248 247 300
497 185 584 235 ΠΕΡΙ
602 183 731 235 αααον
749 185 885 236 τοωπε.

656 413 722 492 ξδ’.

250 557 324 622 Κδν
347 559 384 622 τὸ
408 557 464 621 διὰ
487 566 546 621 τοῦ
570 555 686 634 ἄξονος
708 541 874 642 τρίγωνον
896 557 980 641 πρὸς
1002 558 1039 621 τὸ
1060 557 1117 621 διδ
1136 567 1199 622 τοῦ

183 663 301 742 ἄξονος
328 667 493 749 τρίγωνον
520 666 737 748 τριπλασίονα
765 666 866 744 λόγον
893 665 951 747 ἔχῃ
977 664 1061 749 ῆπερ
1090 664 1111 746 ἡ
1135 674 1198 729 τοῦ

182 771 348 855 τριγώνου
380 770 476 853 βάσις
502 770 585 854 πρὸς
611 770 672 852 τῆν
699 769 813 852 βάσιν,
846 767 864 832 ὁ
892 779 1000 845 κῶνος
1026 771 1108 855 πρὸς
1135 772 1200 835 τὸν

148 894 164 942 5
183 887 293 941 κῶνον
316 878 514 941 διπλασίονα
537 879 638 958 λόγον
661 879 726 959 ἔχει
748 877 831 961 ῆπερ
850 875 871 959 ἡ
889 874 987 958 βάσις
1005 885 1065 941 τοῦ
1082 877 1199 941 κώνου

183 984 265 1069 πρὸς
287 985 349 1067 τῆν
371 983 478 1066 βάσιν.

252 1096 305 1163 ἐπὶ
329 1098 392 1180 γὰρ
416 1107 473 1180 τῆς
497 1098 598 1181 αὐτῆς
620 1107 833 1182 καταγραφῆς
856 1098 893 1162 τὸ
913 1101 1013 1163 AM
1031 1102 1198 1184 τρίγωνον
1270 1143 1274 1150 -

182 1205 265 1290 πρὸς
292 1205 329 1269 τὸ
354 1209 453 1269 ΒΕΖ
480 1207 698 1289 τριπλασίονα
725 1208 825 1287 λόγον
853 1203 950 1288 ἐχέτω
977 1206 1060 1290 ῆπερ
1089 1205 1110 1288 ἡ
1136 1209 1195 1271 M

182 1312 266 1396 πρὸς
292 1312 354 1393 τὴν
376 1315 455 1393 ΕΖ,
482 1308 538 1374 καὶ
564 1314 689 1376 κείσθω
715 1312 816 1376 πάλιν
838 1320 877 1396 τῆ
901 1315 978 1376 AH
997 1317 1052 1394 ίσῆ
1075 1311 1096 1394 ἡ
1123 1315 1196 1376 ΘΚ.

131 1443 165 1492 10
250 1423 319 1490 ἐπεὶ
355 1422 418 1492 οὖν
455 1427 492 1491 τὸ
524 1430 623 1491 AM
659 1427 742 1512 πρὸς
777 1427 815 1491 τὸ
848 1432 946 1492 ΒΕΖ
978 1431 1196 1512 τριπλασίονα

182 1534 283 1614 λόγον
302 1535 372 1615 ἔχει·
385 1534 467 1617 ῆπερ
486 1533 507 1616 ῆ
522 1536 584 1597 M
601 1533 684 1618 πρὸς
702 1538 781 1616 ΕΖ,
800 1533 845 1610 ὡς
859 1530 894 1598 δὲ
909 1532 929 1616 ἡ
946 1537 1007 1598 M
1020 1535 1104 1618 πρὸς
1117 1538 1149 1598 Ε
1157 1539 1194 1616 Ζ,

183 1639 288 1715 οὕτως
306 1641 343 1703 τὸ
363 1642 462 1703 AM
480 1642 645 1725 τρίγωνον
663 1641 746 1725 πρὸς
765 1641 801 1704 τὸ
821 1644 936 1722 ΚΕΖ,
957 1642 994 1705 τὸ
1014 1642 1078 1725 ἄρα
1096 1645 1197 1705 AM

185 1749 350 1832 τρίγωνον
374 1747 458 1831 πρὸς
480 1747 517 1810 τὸ
541 1750 639 1810 ΒΕΖ
662 1749 879 1831 τριπλασίονα
902 1749 1003 1829 λόγον
1026 1749 1091 1831 ἔχει
1115 1748 1198 1831 ῆπερ

182 1853 219 1917 τὸ
244 1856 344 1917 AM
365 1853 448 1938 πρὸς
471 1853 508 1917 τὸ
528 1856 640 1916 ΚΕΖ·
665 1855 701 1918 τὸ
726 1854 790 1939 ἄρα
810 1856 910 1917 ΚΕΖ
932 1854 1016 1938 πρὸς
1039 1855 1076 1918 τὸ
1096 1858 1196 1918 ΒΕΖ

130 1978 162 2026 15
182 1959 380 2023 διπλασίονα
408 1961 509 2041 λόγον
537 1962 601 2042 ἔχει
628 1961 710 2045 ῆπερ
734 1961 771 2024 τὸ
794 1963 893 2024 AM
916 1959 1000 2044 πρὸς
1022 1959 1058 2024 τδ
1083 1963 1153 2024 ΚΕ
1161 1965 1197 2024 Ζ.

183 2064 254 2129 ἀλλ’
281 2065 326 2142 ὡς
354 2065 390 2130 τδ
416 2069 516 2130 ΚΕΖ
543 2070 708 2151 τρίγωνον
735 2065 818 2151 πρδς
840 2066 877 2130 τὸ
904 2071 1015 2149 ΒΕΖ,
1048 2065 1197 2142 οὕτωςὸ

182 2175 318 2236 ΚΘΕΖ
341 2183 448 2248 κῶνος
470 2170 553 2257 πρὸς
575 2171 635 2236 τδν
655 2177 800 2237 ΒΘΕΖ·
824 2171 880 2237 καὶ
898 2172 916 2237 ὁ
935 2177 969 2237 Κ
974 2177 1070 2237 ΘΕΖ
1090 2183 1198 2248 κῶνος

183 2279 249 2363 ι’ίρα
274 2278 357 2364 πρὸς
379 2277 439 2342 τδν
462 2282 596 2343 ΒΘΕΖ
620 2279 817 2344 διπλασίονα
841 2281 941 2362 λόγον
965 2283 1029 2363 ἔχει
1052 2279 1136 2363 ῆπερ
1158 2279 1196 2342 τὸ

182 2387 281 2449 AM
304 2388 469 2470 τρίγωνον
491 2385 574 2470 πρὸς
596 2386 633 2450 τὸ
653 2388 761 2450 ΚΕΖ.
799 2389 864 2470 ἔχει
888 2383 924 2450 δὲ
942 2383 998 2449 καὶ
1017 2384 1034 2449 ὁ
1053 2389 1132 2448 AH
1136 2388 1197 2449 M

128 2509 164 2558 20
181 2502 287 2567 κῶνος
323 2493 405 2577 πρὸς
438 2492 498 2556 τὸν
530 2494 564 2554 Κ
569 2495 665 2555 ΘΕΖ
697 2503 806 2557 κῶνον
839 2495 963 2575 ἰσοϋψῆ
996 2492 1195 2556 διπλασίονα

183 2600 284 2678 λόγον
306 2598 388 2683 ῆπερ
412 2600 449 2662 τὸ
468 2601 568 2662 AM
591 2601 755 2680 τρίγωνον
773 2601 856 2685 πρὸς
873 2600 910 2664 τὸ
930 2602 1044 2662 ΚΕΖ·
1068 2598 1114 2674 ὡς
1132 2600 1197 2683 ἄρα

183 2701 201 2766 ὁ
229 2707 368 2767 AHM
395 2715 501 2779 κῶνος
527 2705 610 2789 πρὸς
637 2707 696 2769 τὸν
723 2709 859 2770 ΚΘΕΖ
887 2717 1011 2799 κῶνον,
1042 2705 1149 2781 οὕτως
1179 2705 1198 2769 ὁ

254 2971 278 3020 1.
299 2964 364 3090 ξῶῆ
383 2983 435 3020 om.
454 2965 517 3034 Vv,
545 2966 620 3036 ἔξω
644 2970 673 3022 et
691 2986 727 3022 m.
746 2983 800 3022 rec.
820 2967 853 3037 V,
882 2968 926 3033 ἐτ’
942 2987 977 3023 m.
997 2985 1051 3022 rec.
1071 2986 1097 3023 v.
1172 2973 1196 3022 2.

184 3035 251 3106 κᾶν]
270 3055 296 3105 v,
316 3058 353 3091 κα
383 3036 434 3093 ἐάν
452 3037 510 3162 Κίρ.
583 3044 608 3091 3.
629 3038 689 3110 ἔχῃ]
708 3039 765 3108 Vp,
785 3038 840 3110 ἔχει
858 3057 884 3094 v.
948 3045 973 3094 4.
992 3039 1056 3110 τήν]
1074 3040 1128 3108 τὴν
1146 3047 1196 3092 τοῦ

183 3108 319 3176 τριγώνου
338 3126 365 3177 p.
439 3113 463 3164 ὅ.
497 3111 552 3180 χει]
573 3107 627 3173 ἕξει
645 3128 672 3179 p.
751 3115 774 3165 7.
794 3112 993 3183 καταγραφῆς]
1012 3118 1198 3180 καταγραφῆς

181 3179 231 3233 καὶ
255 3188 428 3249 κατασκευῆς
455 3197 482 3248 p.
577 3186 602 3235 8.
625 3180 695 3248 πρός
716 3212 749 3221 -
774 3179 871 3252 ἐχέτω]
899 3183 1082 3249 τριπλασίονα
1114 3180 1198 3250 λόγον

182 3247 265 3318 ἐχέτω
289 3250 358 3316 πρὸς
380 3250 412 3304 τδ
431 3254 513 3304 ΒΕΖ
536 3267 563 3318 p.
657 3251 727 3320 πρὸς
744 3252 776 3306 τδ
796 3254 893 3324 ΒΕΖ]
917 3269 1001 3321 supra
1025 3253 1197 3308 senentiam

182 3337 267 3372 manu
286 3321 319 3374 V.
411 3325 452 3374 10.
478 3322 567 3391 AM]
586 3340 627 3389 v,·
645 3327 723 3376 AM
740 3320 875 3393 τρίγωνον
896 3323 951 3392 Vp.
1044 3330 1086 3379 11.
1108 3321 1123 3378 ί
1148 3327 1197 3376 M

182 3419 215 3444 ,—
236 3394 277 3443 14.
297 3391 389 3460 AM]
414 3408 468 3460 mg.
489 3408 507 3459 p
527 3393 689 3462 (κείμενον),
717 3393 748 3446 in
769 3396 924 3450 texturas.
945 3393 1089 3448 6-11‘11.
1153 3399 1196 3448 11.

183 3461 441 3538 EZ;(utrumque)]
471 3463 523 3514 ZE
550 3479 578 3529 p.
669 3469 709 3519 14.
738 3465 769 3519 τὸ
798 3467 899 3536 ΚΕΖ]
927 3466 987 3534 Vp,
1020 3465 1050 3518 in
1078 3464 1197 3520 resarci-

182 3530 298 3581 natwne
321 3547 357 3582 m.
377 3547 431 3584 ree.
450 3549 480 3599 v,
505 3533 536 3584 ut
559 3532 590 3586 τὸ
610 3537 695 3586 ΚΕΖ
713 3554 741 3587 τ-
760 3535 809 3591 lin.
832 3542 876 3605 16,
900 3539 1013 3590 ΒΘΕΖ
1032 3537 1062 3588 δ·
1081 3535 1132 3590 lin.
1154 3541 1196 3604 18,
