2504 3928
392 155 441 204 na
461 155 637 206 ancnoris
658 155 752 206 cour.
1013 153 1077 218 201

147 417 177 484 Si
202 421 234 484 in
261 443 343 486 cono
372 422 499 486 scaleno
527 444 585 506 per
612 444 705 486 axem
727 421 833 505 planis
857 422 1079 506 compluribus

15 524 21 616 ‚¹
87 531 163 591 secto
181 527 212 598 in
230 528 363 592 basibus
382 529 545 612 parallelis
560 513 717 614 trianguli
736 528 930 612 aequicrurii
949 531 989 594 ad
1008 553 1079 595 eam

16 653 17 666 ³
84 638 195 716 partem
217 657 330 701 uersus
354 639 599 720 construuntur,
627 637 668 701 ad
693 659 788 720 quam
812 636 881 701 axis
903 636 1079 702 inclinatus

84 745 132 825 est,
148 742 384 828 triangulorum
402 747 510 808 autem
530 743 807 828 aequicruriorum
824 743 872 808 ita
890 744 1080 808 effectorum

83 847 186 932 aliquis
209 849 374 935 triangulo
399 849 600 933 aequicrurio
623 872 682 935 per
704 873 796 916 axem
819 852 915 916 ducto
935 849 1079 934 aequalis

82 959 130 1036 est,
151 960 240 1020 recta
263 979 283 1019 a
305 956 427 1020 uertice
448 957 489 1021 ad
507 956 613 1022 basim
630 958 787 1044 trianguli
805 956 1079 1043 perpendicularis

82 1061 172 1126 maior
194 1061 257 1127 crit
281 1084 348 1126 axe.

135 1169 177 1233 sit
201 1190 302 1234 conus
326 1170 484 1255 scalenus,
507 1170 598 1235 cuius
623 1176 736 1236 uertex
755 1172 798 1237 sit
816 1178 859 1262 A,
881 1172 950 1236 axis
970 1177 1079 1236 autem

80 1279 135 1338 AB
161 1277 201 1340 ad
228 1281 338 1360 partes
361 1282 394 1341 A
421 1298 536 1341 uersus
558 1277 748 1362 inclinatae,
773 1280 861 1344 basis
885 1284 994 1344 autem
1018 1280 1079 1343 cir-

626 1387 718 1450 culus
764 1387 886 1452 circum
932 1390 1079 1451 centrum

627 1496 654 1557 Β
685 1492 881 1577 descriptus,
921 1491 1079 1577 trianguli

626 1603 735 1663 autem
759 1599 799 1662 ad
826 1597 983 1664 circulum
1010 1619 1079 1681 per·

625 1705 877 1791 pendiculariter
903 1724 961 1788 per
986 1725 1079 1766 axem

85 1853 112 1898 p
548 1853 573 1896 Α
625 1812 714 1878 ducti
755 1812 844 1876 basis
886 1811 929 1875 sit
967 1812 1029 1874 ΓΒ
1037 1815 1080 1893 Λ,

626 1921 847 2003 ducanturque
885 1917 920 1981 in
958 1915 1078 1981 circulo

626 2028 667 2092 ad
700 2029 766 2092 ΓΔ
799 2024 1079 2111 perpendiculares

626 2138 699 2219 BZ,
713 2138 791 2217 ΒΗ,
808 2137 841 2198 ct
855 2132 992 2196 ducatur
1005 2136 1038 2194 Α
1043 2134 1082 2214 Β,

627 2246 905 2325 supponaturquc,
934 2237 1079 2320 triangu-

626 2347 694 2411 lum
740 2343 977 2429 aequicrurium
1022 2364 1080 2425 per

75 2456 149 2535 ΑΒ,
172 2456 246 2516 ΒΗ
270 2452 403 2517 ductum
430 2454 598 2537 aequalem
626 2475 696 2518 esse
724 2451 887 2537 triangulo
920 2470 979 2534 per
1004 2452 1081 2532 AB,

76 2562 146 2642 ΒΖ,
174 2559 237 2624 hoc
262 2563 312 2623 est
339 2558 444 2645 [prop.
467 2558 574 2645 XXII]
602 2560 766 2646 triangulo
794 2555 997 2642 aequicrurio
1023 2577 1082 2640 per

75 2687 161 2730 axem
184 2665 290 2730 ducto,
336 2665 423 2751 dico,
446 2689 516 2732 csse
539 2672 609 2732 An
620 2678 654 2740 >
669 2671 744 2732 ΑΒ.

136 2773 288 2856 quoniam
308 2772 394 2836 enim
412 2773 594 2859 triangulus
614 2773 833 2859 aequicrurius
849 2795 907 2858 per
921 2778 954 2836 A
959 2777 997 2856 Β,
1011 2775 1085 2835 ΕΗ

74 2879 183 2944 ductus
208 2879 372 2966 triangulo
396 2902 454 2965 per
476 2885 556 2966 AB,
580 2885 643 2946 ΒΖ
666 2881 810 2966 aequalis
835 2884 893 2963 est,
916 2883 949 2944 et
973 2877 1080 2962 [Eucl.

74 2983 1081 3071 1,41]An><nH=An><r.7„erit322nH=nA2An

75 3092 174 3176 [Xucl.
181 3091 235 3177 VI,
246 3093 312 3177 16].
338 3099 388 3159 est
402 3099 511 3160 autem
526 3098 588 3159 ΒΖ
598 3105 631 3168 >
642 3098 714 3159 HE
726 3093 830 3178 [Eucl.
840 3092 901 3176 ΠΙ,
913 3091 984 3176 15];
1003 3112 1080 3175 ergo

74 3202 166 3268 etiam
188 3205 256 3267 ΒΑ
268 3211 302 3274 >
317 3204 391 3266 ΑΒ.
731 3225 733 3228 ·

309 2317 338 2364 Ζ

509 3289 641 3355 XXXV.

136 3395 168 3461 si
186 3396 222 3461 in
240 3418 322 3462 cono
342 3398 470 3462 scaleno
484 3420 546 3482 per
563 3396 721 3463 uerticem
734 3395 840 3480 planis
860 3391 1080 3477 compluribus

77 3508 158 3618 septo
189 3503 225 3567 in
257 3503 391 3570 basibus
423 3504 586 3590 parallelis
625 3503 783 3590 trianguli
816 3498 1009 3586 aequicrurii
1042 3497 1082 3564 ad
