2504 3928
169 173 231 237 198
480 178 567 228 ΠΕΡΙ
585 177 712 230 mor
729 143 867 230 Tomm.

166 323 243 383 ΕΗ.
294 318 377 385 ἀλλὰ
408 329 453 405 τῷ
481 319 540 404 μὲν
567 321 632 386 ὑπὸ
660 325 741 404 AB,
765 325 829 385 ΒΖ
857 327 930 386 ίσον
958 319 1026 386 ἐστὶ
1054 322 1094 386 τὸ
1125 320 1179 384 διὰ

166 435 226 491 τοῦ
249 425 366 504 ὀξονος
389 425 568 510 ἰσοσκελές,
595 437 641 516 τῷ
665 425 703 492 δὲ
723 427 788 492 ὑπὸ
812 433 893 512 ΑΕ,
916 433 991 493 ΕΗ
1010 435 1087 494 ἴσον
1112 423 1181 492 ἐστὶ

89 595 94 610 ,
166 535 203 598 τὸ
233 535 289 598 διὰ
318 542 377 618 τῆς
405 539 473 598 ΑΕ
497 532 552 598 καὶ
579 543 638 619 τῆς
666 537 784 618 διπλῆς
811 544 868 618 τῆς
894 539 972 599 ΕΗ
999 531 1180 607 ἰσοσκελές·

165 644 275 724 μεῖζον
302 642 366 727 ἄρα
392 642 429 706 τὸ
457 642 513 705 διὰ
539 650 599 706 τοῦ
627 639 743 719 ὀίξονος
771 639 936 719 ἰσοσκελὲς
957 651 1017 706 τοῦ
1041 643 1101 706 διὰ
1125 648 1182 722 τῆς

131 753 234 814 5AE
265 750 463 824 ίσοσιιελοῦς.
515 747 636 831 ὁμοίως
665 745 702 813 ὀὶ
733 750 915 832 δείκνυται,
945 749 996 814 ὅτι
1025 746 1081 813 καὶ
1114 757 1182 811 τῶν

165 857 289 938 ἄλλων,
319 849 367 920 ὧν
394 856 431 918 αἱ
450 855 563 938 βάσεις
584 853 703 938 μεταξὺ
727 865 794 919 τῶν
817 858 863 937 B‚=
884 860 930 918 A·
961 855 979 919 ὃ
1007 853 1181 941 προέκειτο

166 959 279 1039 δείξαι.

639 1136 701 1222 λγ’.

229 1278 305 1345 Ἐὰν
328 1281 539 1366 ὀρθογωνίου
562 1283 728 1368 τριγώνου
752 1281 816 1346 ιἰπὸ
840 1290 897 1366 τῆς
920 1281 1027 1367 ὀρθῆς
1045 1279 1097 1346 ἐπὶ
1117 1280 1179 1363 τὴν

113 1407 147 1455 10
165 1387 408 1454 ὑποτείνουσαν
434 1388 522 1475 ἀχθῇ
550 1411 600 1465 τις
627 1388 757 1472 εὐθεῖα,
790 1387 811 1471 ἡ
839 1387 979 1471 ἀχθεῖσα
1006 1389 1090 1474 πρὸς
1115 1387 1178 1468 τὴν

162 1493 483 1579 ἀπολαμβανομένην
518 1495 584 1560 ὑπὸ
620 1505 678 1580 τῆς
714 1494 872 1578 ἀχθείσης
907 1493 962 1558 καὶ
998 1507 1076 1577 μιᾶς
1110 1503 1177 1558 τῶν

165 1613 389 1688 περιεχουσῶν
420 1604 481 1686 τὴν
513 1602 623 1688 ὀρθὴν
653 1605 785 1686 μείζονα
817 1604 918 1683 λόγον
949 1598 1014 1678 ἕξει
1045 1601 1126 1686 ἥπερ
1155 1595 1175 1678 ἡ

165 1709 263 1792 λοιπὴ
286 1721 354 1774 τῶν
375 1707 451 1796 περὶ
473 1711 535 1793 τὴν
557 1708 667 1795 ὀρθὴν
688 1710 772 1794 πρὸς
793 1709 854 1792 τὴν
876 1707 1128 1772 ὑποτείνουσαν.

232 1837 314 1900 ἔστω
342 1837 507 1920 τρίγωνον
533 1835 570 1899 τὸ
594 1836 701 1898 ΑΒΓ
718 1832 827 1918 ὀρθὴν
855 1835 931 1917 ἔχον
958 1833 1021 1916 τὴν
1049 1835 1092 1914 Β,
1116 1826 1172 1914 ἀφ’

114 1956 147 2005 15
166 1935 205 2023 ἧς
227 1939 280 2005 ἐπὶ
302 1942 363 2024 τὴν
386 1946 418 2005 A
425 1943 457 2005 Γ
475 1940 574 2024 βάσιν
597 1942 691 2023 ἤχθω
714 1937 734 2022 ἡ
759 1942 834 2003 BA.
880 1937 975 2022 λέγω,
999 1939 1049 2003 ὅτι
1073 1935 1092 2019 ἡ
1112 1939 1175 2001 BA

161 2049 248 2131 πρὸς
265 2052 298 2111 A
304 2052 336 2112 Γ
354 2051 485 2131 μείζονα
508 2049 608 2129 λόγον
631 2049 696 2130 ἔχει
719 2047 801 2132 ἤπερ
824 2043 844 2127 ἡ
864 2049 931 2109 BA
953 2046 1037 2130 πρὸς
1058 2048 1132 2109 ΑΓ.

231 2173 327 2256 ἤχθω
356 2173 413 2236 διὰ
439 2180 501 2236 τοῦ
530 2177 563 2235 A
586 2171 675 2257 παρὰ
697 2172 758 2254 τὴν
776 2173 843 2235 AB
865 2167 885 2252 ἡ
906 2174 983 2234 ΔΕ.
1025 2167 1093 2234 ἐπεὶ
1115 2163 1174 2234 οὖν

167 2278 269 2365 ὀρθαὶ
296 2281 333 2344 αί
358 2280 440 2364 πρὸς
466 2288 511 2366 τῷ
534 2283 578 2363 E,
605 2280 723 2361 μείζων
750 2279 814 2362 ὀίρα
837 2275 857 2359 ἡ
881 2280 948 2340 BA
970 2285 1030 2360 τῆς
1052 2271 1172 2354 ΔΒ·ἡ

168 2391 232 2473 ὀίρα
261 2392 328 2452 BA
356 2387 439 2472 πρὸς
465 2391 499 2450 A
507 2388 539 2450 F
563 2387 694 2469 μείζονα
724 2386 825 2465 λόγον
857 2385 923 2465 ἔχει
949 2384 1032 2468 ἥπερ
1062 2379 1081 2465 ἡ
1110 2385 1173 2446 EA

110 2511 149 2559 '20
167 2497 250 2581 πρὸς
267 2497 343 2559 ΛΓ.
385 2493 430 2570 ὡς
453 2489 489 2557 δὲ
512 2490 531 2574 ἡ
554 2497 622 2556 BA
644 2493 727 2577 πρὸς
745 2492 821 2572 ΔΓ,
844 2488 950 2565 οὕτως
972 2486 991 2571 ἡ
1012 2493 1079 2553 BA
1096 2488 1172 2574 πρὸς

168 2607 200 2666 A
207 2605 248 2665 Γ·
271 2600 291 2682 ἡ
316 2603 379 2686 ἄρα
403 2605 470 2664 BA
491 2600 574 2683 πρὸς
596 2603 630 2662 A
636 2600 668 2662 Γ
686 2599 817 2679 μείζονα
839 2598 941 2677 λόγον
964 2598 1030 2679 ἔχει
1052 2589 1168 2679 ἤπερὴ

169 2712 235 2771 BA
253 2709 336 2791 πρὸς
356 2713 388 2771 A
395 2709 430 2771 Γ.
470 2707 553 2770 ὥστε
570 2706 728 2790 φανερόν,
747 2703 797 2767 ὅτι
815 2700 870 2767 καὶ
888 2699 907 2785 ἡ
928 2706 994 2766 BA
1013 2702 1096 2787 πρὸς
1113 2699 1175 2764 ΑΓ

170 2812 327 2878 ἐλάττονα
349 2815 450 2893 λόγον
472 2814 537 2894 ε”χει
559 2812 642 2896 ἥπερ
664 2809 684 2893 ἡ
709 2815 737 2874 Β
744 2814 778 2874 A
799 2810 883 2894 πρὸς
905 2814 938 2872 A
945 2811 985 2891 Γ,
1009 2807 1027 2872 ὃ
1051 2807 1171 2894 ἐχρησί-

168 2943 268 3005 μευεν
290 2919 369 3003 ἡμῖν
393 2920 440 2994 είς
462 2918 499 2981 τὸ
523 2918 586 3002 πρὸ
610 2916 740 2980 τούτου.

171 3079 382 3087 ..-—-——

242 3175 266 3222 2.
290 3170 358 3221 Post
381 3161 518 3226 ἰσοσκελές
541 3163 605 3218 add
630 3160 667 3233 βα
648 3180 712 3217 αοιν
732 3160 796 3232 ἔχον
819 3160 871 3228 τὴν
889 3161 991 3229 διπλῆν
1010 3167 1060 3230 τῆς
1079 3163 1128 3214 ΒΖ
1148 3176 1169 3227 p.

207 3264 232 3311 6.
251 3255 350 3323 ἄλλων,
342 3249 449 3379 ,ὧνχα
431 3249 512 3307 αλλω
530 3270 565 3306 m.
587 3257 643 3305 lc
707 3257 785 3304 A-
805 3254 828 3304 7.
849 3249 950 3318 δεῖξαι]
969 3253 994 3302 A
1013 3247 1115 3318 σημείω
1095 3269 1132 3302 ων
1147 3265 1169 3316 p.

208 3333 231 3382 8.
251 3327 308 3398 ιγ’]
328 3343 373 3380 om
429 3342 456 3394 c,
475 3323 521 3377 ια’
536 3326 603 3392 ρει
620 3340 656 3376 m.
676 3338 729 3376 rec.
748 3321 782 3375 V.
855 3326 879 3374 9.
898 3320 999 3392 ὀρθῆς]
1019 3320 1109 3389 ὀρθῆς
1126 3339 1170 3388 γω-

172 3397 279 3466 νίας.
349 3403 390 3450 14
411 3397 445 3467 Β]
463 3396 533 3463 προς
550 3412 588 3447 τω
608 3398 686 3462 Βγω
665 3390 797 3461 ωνίανρ.
864 3397 905 3446 15.
924 3393 1037 3460 BA(pr.
1040 3392 1061 3462 )]
1040 3393 1131 3459 ΑΔ
1147 3407 1168 3458 p.

197 3417 354 3556 BAp(alt.)]
375 3473 549 3533 Beconp.
608 3469 686 3517 18.oe
689 3463 786 3534 ὶ.]οαι
798 3463 857 3530 Vc,
877 3461 1031 3530 είσιναὶρ.
1086 3463 1168 3532 τεῆς

173 3538 277 3592 τινι.
332 3543 374 3594 20
394 3536 528 3599 ‹Am-9
495 3542 585 3590 -ω
603 3537 725 3606 amp,
746 3551 799 3589 om
814 3506 867 3589 vd.
918 3538 960 3588 οι
980 3531 1036 3601 ἄρα
1018 3517 1169 3605 νοτίαν
