2504 3928
418 163 468 213 oa
488 162 664 214 sacriora
684 163 778 215 cour.
1039 161 1102 226 193

19 319 23 397 ζ
89 307 153 370 ΓΔ
180 306 365 390 parallelas.
415 328 529 370 uerum
558 309 663 370 ΗΓΔ
681 335 723 358 --
739 308 843 370 ΑΓΛ
870 304 976 390 [Eucl.
996 305 1026 391 I,
1045 306 1102 390 37]

87 409 175 496 (nam
204 412 242 476 in
270 413 381 477 eadem
408 412 479 477 basi
508 416 584 476 sunt
612 416 645 476 et
671 412 707 475 in
728 412 845 476 iisdem
867 409 1045 498 parallelis)
1069 417 1102 476 ct

87 522 190 583 ΗΕΖ
213 551 254 572 -=
275 524 375 584 ΑΕΖ
403 519 489 603 [id.];
515 519 627 602 itaque
655 521 759 584 ΑΓΔ
778 529 811 592 >
832 522 942 586 ΑΕΖ.
990 520 1102 583 eodem

84 629 196 690 autem
222 627 317 691 modo
341 627 592 710 demonstratur,
615 647 690 690 eum
712 625 812 690 etiam
835 626 986 690 omuibus
1004 625 1103 688 trian-

84 731 169 816 gulis
196 733 293 798 bases
317 737 424 798 rectae
444 735 509 797 ΓΔ
531 727 703 816 parallelas
726 733 924 798 habentibus
947 732 1101 797 maiorem

83 858 163 902 esse.
210 861 288 925 crgo
307 842 411 904 ΑΓΔ
434 839 594 903 maximus
618 843 668 903 est
691 839 836 904 omniurn
854 839 1102 925 triangulorum,

84 944 139 1026 qui
175 947 274 1010 bases
306 950 412 1010 rectae
446 949 512 1010 ΓΔ
542 945 714 1030 parallelas
746 946 882 1024 habent3
915 946 1001 1030 quod
1033 950 1102 1011 crat

83 1050 385 1118 demonstrandum.

547 1175 647 1240 XXX.

153 1298 215 1365 Sin
242 1307 332 1367 recta
355 1303 395 1367 ab
420 1307 452 1366 A
475 1301 515 1365 ad
539 1304 603 1365 ΓΛ
625 1302 899 1385 perpendicularis
923 1302 1030 1366 minor
1053 1297 1102 1368 est

84 1405 194 1491 radic,
224 1411 330 1473 ΑΓΔ
360 1409 519 1473 maximus
551 1430 617 1472 non
649 1408 711 1471 erit
741 1408 979 1492 triangulorum
1007 1410 1102 1473 bases

85 1517 196 1578 rectae
224 1517 290 1579 ΓΔ
312 1515 482 1600 parallelas
505 1514 709 1600 habentium3
737 1514 969 1578 demonstratio
994 1519 1102 1579 autem

4 1646 5 1650 ¹
86 1618 257 1706 figuraque
281 1623 392 1687 eadem
416 1626 474 1686 est.

156 1729 309 1811 quoniam
327 1729 413 1793 enim
430 1731 497 1793 ΗΒ
517 1728 624 1792 minor
643 1731 692 1792 est
706 1727 807 1812 radio,
822 1730 861 1790 H
862 1729 928 1791 ΓΛ
941 1727 1101 1790 maximus

88 1851 157 1896 non
176 1836 237 1898 erit
255 1855 378 1917 eorum,
393 1834 448 1917 qui
468 1834 562 1898 bases
582 1835 612 1898 ei
628 1821 800 1918 parallelas
820 1833 956 1912 habent3
974 1834 1102 1899 demon-

90 1941 266 2005 strauimus
286 1940 372 2005 enirn
390 1929 496 2026 [prop.
514 1939 584 2025 Xl],
603 1941 784 2026 triangulos
804 1945 837 2005 et
855 1940 993 2005 maiores
1013 1963 1050 2005 eo
1069 1944 1103 2004 et
1207 1946 1208 1951 ’

91 2046 230 2112 minores
255 2051 288 2112 et
311 2047 460 2130 aequales
485 2047 638 2112 construi.
690 2047 756 2112 iam
785 2048 813 2111 si
838 2050 935 2112 ΗΓΛ
951 2059 985 2120 <
1008 2051 1101 2112 ΗΕΖ

91 2153 153 2217 erit
180 2154 278 2218 etiam
306 2155 409 2217 ΑΓΛ
424 2164 458 2224 <
472 2157 585 2236 ΑΕΖ,
614 2153 664 2217 sin
685 2157 789 2217 ΗΓΛ
807 2163 840 2226 >
860 2157 974 2236 ΗΕΖ,
1003 2154 1102 2218 etiam

92 2264 123 2322 A
129 2261 194 2323 ΓΛ
208 2270 241 2333 >
257 2263 371 2346 ΑΕΖ,
394 2263 427 2324 et
450 2259 593 2342 aequalis
617 2260 730 2324 eodem
752 2260 857 2323 modo.

535 2451 652 2518 XXXI.

158 2577 191 2644 si
218 2580 254 2644 in
282 2599 362 2644 cono
391 2578 519 2644 scaleno
546 2601 605 2662 per
632 2577 787 2642 uerticem
814 2577 920 2663 planis
950 2583 1038 2644 secto
1066 2580 1101 2643 in

91 2681 221 2751 basibus
252 2685 416 2772 parallelis
449 2684 605 2770 trianguli
634 2684 829 2770 aequicrurii
857 2690 1100 2770 construuntur,

92 2792 158 2857 axis
182 2798 291 2858 autern
314 2793 387 2858 coni
410 2813 476 2856 non
494 2791 601 2855 minor
620 2795 669 2855 est
688 2792 778 2856 radio
797 2791 896 2877 basis,
918 2792 1101 2878 triangulus

93 2899 308 2982 aequicrurius
336 2920 394 2983 per
422 2920 514 2962 axem
542 2897 658 2962 ductus
686 2898 845 2962 maximus
869 2899 931 2963 erit
955 2899 1099 2964 omnium

2 3070 5 3088 1
93 3006 363 3089 aequicruriorum
387 3005 427 3069 ad
450 3026 521 3068 eam
544 3008 670 3088 partem
693 3024 807 3068 uersus
831 3009 1103 3090 constructorum,

93 3111 248 3196 adquam
272 3111 341 3176 axis
364 3110 539 3176 inclinatus
563 3115 621 3174 est.

153 3219 198 3283 sit
221 3239 332 3301 conus,
355 3219 446 3283 cuius
471 3216 540 3282 axis
565 3217 607 3281 sit
626 3221 701 3300 AB,
724 3215 811 3280 basis
831 3220 941 3281 autem
960 3219 1099 3284 circulus

124 3455 163 3503 19.
189 3445 352 3571 §acutiora
373 3443 517 3507 ἐπιπέδοις
539 3440 675 3513 canossa
698 3459 725 3512 p.
816 3450 858 3498 24.
888 3443 1004 3516 ὁπερί]
1029 3463 1100 3515 vop,

92 3520 177 3590 suppl.
197 3538 233 3574 m.
253 3535 318 3573 rec..

141 3619 265 3659 Serenus
279 3616 485 3666 Antinoensis,
500 3614 533 3654 ed.
550 3613 657 3664 Heibcrg.
909 3610 940 3658 13
