2488 3938
170 193 233 257 110
436 194 524 251 ΠΕΡΙ
541 193 755 245 Κυλωωεου
775 193 911 246 ΤοωΗΣ.

226 325 265 400 ἐί
290 335 352 421 γὰρ
381 336 540 420 δυνατόν,
567 333 670 418 ἡκέτω
695 335 787 412 ἐκτὸς
809 337 892 400 κατὰ
914 337 952 400 τὸ
978 339 1008 398 Φ
1033 346 1178 419 σημεῖον,

167 439 223 506 καὶ
246 443 374 527 διήχθω
397 443 418 526 η
441 447 562 507 ΛΗΨ
581 443 706 508 εὐθεῖα.
753 440 821 507 ἐπεὶ
849 439 911 508 οὖν
934 442 1016 506 κατὰ
1039 443 1078 506 τὸ
1102 463 1179 527 προ-

168 545 302 633 θειχθέν
329 549 444 614 εὐθείᾶ
470 573 520 625 τις
547 548 611 615 ἀπὸ
640 558 698 633 της
720 558 870 635 κορυφῆς
892 548 912 630 ἡ
936 555 968 613 A
979 553 1017 612 Ψ
1037 546 1178 632 ἀγομένη

167 655 275 740 τέμνει
298 657 359 740 τὴν
379 660 445 719 ΖΛ
467 656 613 738 εὐθεῖαν,
636 657 719 721 ὥστε
741 650 837 739 εἶναι,
861 653 905 731 ώς
926 657 989 738 την
1010 659 1077 718 ZA
1100 655 1179 740 πρὸς

133 763 229 846 στηυ
249 767 328 846 ΔΕ,
351 762 456 839 οὕτως
478 763 539 846 τὴν
564 766 635 826 ΖΗ
652 764 735 844 πρὸς
757 764 818 845 την
840 766 920 845 ΗΕ,
943 759 999 826 καὶ
1023 764 1088 846 τὴν
1106 765 1178 826 MA

168 870 231 955 ἄρα
260 868 425 951 ἄνᾶλονου
451 868 568 953 τέμνει.
615 866 659 944 ώς
681 870 745 954 ἄρα
768 867 788 950 ἡ
811 873 888 934 MA
910 869 994 954 πρὸς
1017 871 1082 953 τὴν
1104 870 1177 948 ΛΚ,

168 975 272 1051 οὕτως
295 975 315 1058 ἡ
334 979 378 1039 Μ
384 980 421 1038 Ψ
434 977 517 1061 πρὸς
535 976 596 1059 τὴν
620 979 702 1040 ΨΚ·
727 975 805 1060 ὅπερ
825 974 1005 1040 ἀδύνατον·
1029 972 1176 1040 ὑπέκειτο

168 1081 241 1167 νώρ,
265 1078 309 1157 ώς
331 1081 351 1164 ἡ
370 1086 447 1146 MA
469 1083 552 1168 πρὸς
574 1083 635 1165 τὴν
653 1084 733 1164 ΛΚ,
756 1082 860 1157 οὕτως
883 1080 903 1163 ἡ
923 1085 1000 1146 ΜΛ
1019 1083 1105 1167 πρὸς
1122 1081 1177 1162 την

168 1191 244 1251 ΛΚ.
299 1186 319 1269 ἡ
352 1190 416 1274 ἄρα
448 1192 524 1252 ΛΗ
551 1186 771 1271 ἐκβαλλομένη
803 1187 863 1271 οὐχ
895 1185 964 1270 ἣξει
997 1187 1044 1252 δι’
1080 1189 1175 1252 ἄλλου

117 1307 149 1354 10
169 1296 304 1377 σημείου
327 1297 414 1379 πλὴν
435 1304 496 1360 τοῦ
519 1302 565 1359 A·
589 1295 667 1381 ὅπερ
692 1296 758 1360 ἔθει
781 1291 892 1371 δεῖξαι.

640 1524 702 1609 λβ.

234 1654 282 1717 Ac
316 1651 379 1717 ἀπὸ
417 1659 477 1715 τοῦ
509 1649 613 1714 αὐτοῦ
645 1653 781 1734 σημείου
813 1658 954 1733 κωνικῆς
986 1649 1174 1734 ἐπιφανείας

168 1760 391 1845 ἐφαπτόμεναι
423 1758 552 1823 εὐθεῖαι
583 1754 654 1820 κατ’
685 1755 854 1842 ἀμφότερα
889 1757 929 1820 τὰ
961 1754 1051 1843 μέρη·
1078 1763 1171 1819 πᾶσαι

166 1864 244 1932 καθ’
276 1864 349 1941 ἑνὸς
380 1865 544 1950 τριγώνου
571 1868 725 1948 πλευρῶν
752 1863 811 1939 τὰς
839 1861 966 1947 ἐπαφᾶς
992 1870 1172 1926 ποιοῦνται.

116 1980 148 2029 15
235 1975 316 2036 ἔστω
344 1981 463 2053 κῶνος,
491 1965 532 2035 οὗ
558 1969 654 2052 βᾶσις
682 1966 741 2053 μὲν
769 1969 786 2034 ὁ
816 1967 891 2055 περὶ
918 1969 955 2032 τὸ
978 1975 1012 2033 Α
1040 1966 1171 2050 κέντρον

166 2079 296 2161 κύκλος,
317 2078 449 2162 κορυφὴ
472 2073 509 2140 δὲ
531 2077 568 2141 τὸ
592 2080 619 2139 Β
644 2087 794 2159 σημεῖον,
821 2074 908 2153 ἄξων
931 2071 968 2139 δὲ
991 2075 1012 2158 ἡ
1036 2077 1103 2139 ΑΒ
1125 2070 1171 2135 εὐ-

166 2192 256 2271 θεῖα,
289 2186 424 2267 σημείου
459 2179 498 2246 δέ
521 2205 612 2258 τινος
639 2190 699 2247 τοῦ
730 2185 761 2246 Γ
783 2180 970 2266 ληφθέντος
998 2180 1091 2257 ε’κτὸς
1117 2183 1169 2242 τοῦ

166 2293 276 2357 κώνου
303 2292 463 2374 ἤχθωσαν
490 2286 553 2352 ἀπὸ
580 2297 640 2353 τοῦ
665 2291 697 2352 Γ
720 2289 757 2352 αλ
778 2290 852 2371 ΓΛ,
876 2290 940 2351 ΓΕ
962 2287 1092 2353 εὐθεῖαι
1119 2283 1169 2367 ἐῳ-

167 2400 345 2481 απτόμεναι
375 2404 433 2480 τῆς
464 2403 524 2459 τοῦ
556 2396 666 2459 κώνου
698 2393 890 2478 ἐπιφανείας
927 2391 979 2458 ἐπὶ
1015 2395 1057 2459 τὰ
1093 2388 1168 2456 αὐτὰ

113 2513 147 2562 20
166 2503 255 2591 μέρη.
311 2501 409 2587 λέγω,
440 2502 491 2568 ὅτι
522 2501 562 2565 τὰ
589 2506 633 2585 Ε,
656 2507 690 2565 A
717 2512 833 2584 σημεῖα
860 2510 927 2564 τῶν
955 2498 1093 2584 ἐπαφῶν
1121 2491 1167 2561 ἐπὶ

166 2620 242 2695 μιᾶς
265 2610 399 2685 εὐθείας
421 2608 498 2673 ἐστί.

232 2718 387 2799 κατήχθω
423 2714 486 2779 ἀπὸ
514 2722 574 2778 τοῦ
603 2716 635 2777 Γ
665 2715 800 2797 σημείου
830 2710 881 2777 ἐπὶ
909 2714 969 2796 τὴν
997 2716 1064 2776 AB
1092 2709 1165 2793 πρὸς

166 2823 273 2908 ὀρθὰς
295 2821 316 2904 ἡ
340 2824 411 2903 ΓΖ,
434 2818 488 2884 καὶ
513 2821 568 2884 διὰ
590 2828 648 2903 τῆς
672 2822 732 2884 ΓΖ
754 2821 848 2904 ἤχθω
873 2818 1028 2884 ἐπίπεδον
1051 2813 1165 2903 παρώλ-

166 2935 268 3013 ληλον
294 2938 340 3017 τῳ
367 2937 427 2993 τοῦ
455 2933 487 2990 Α
513 2927 637 2990 κύκλου
666 2923 806 3013 ἐπιπέδῳ
834 2922 889 2989 καὶ
915 2927 1047 2989 ποιείτω
1071 2921 1164 3006 τομὴν

112 3047 147 3096 25
167 3036 203 3102 έν
235 3044 280 3123 τῳ
313 3035 407 3121 κώνῳ
440 3034 499 3098 τὸν
530 3017 606 3113 περὶ
637 3032 673 3095 τὸ
708 3035 735 3094 Ζ
764 3028 901 3116 κέντρον
927 3031 1064 3114 κύκλον,
1090 3030 1164 3094 ὥστε
1233 3045 1234 3056 ’

166 3154 276 3208 κῶνον
297 3142 490 3224 ὑποστῆναι,
514 3134 554 3204 οὗ
577 3137 672 3222 βᾶσις
694 3134 754 3221 μὲν
777 3137 795 3202 ὁ
820 3142 847 3200 Ζ
870 3137 1004 3220 κύκλος,
1027 3135 1111 3215 ἄξων
1131 3126 1162 3195 θλ

167 3250 184 3315 ὁ
210 3253 286 3332 ΖΒ,
313 3245 368 3312 καὶ
396 3247 452 3310 διὰ
479 3254 536 3328 τῆς
564 3247 626 3308 ΓΖ
652 3242 707 3308 καὶ
733 3251 793 3308 τοῦ
822 3240 937 3320 ἄξονος
962 3242 1161 3328 ἐκβεβλήσθω

239 3479 280 3552 1λ.
299 3472 360 3552 λβ]
377 3489 429 3526 om.
448 3471 482 3527 V.
573 3478 615 3526 24.
639 3471 741 3525 κύκλου
760 3467 894 3544 ἐπιπέδῳ]
913 3486 964 3538 ve,
991 3490 1039 3525 -ov
1059 3469 1083 3524 ἐ·
1101 3481 1159 3522 corr.

169 3558 202 3594 ex
221 3563 241 3594 ω
260 3559 289 3594 1n
309 3541 389 3594 scnb.
408 3543 441 3596 V.
