2504 3928
391 147 442 198 nn
460 146 637 200 sannaus
656 148 750 201 conr.
1009 147 1071 211 147

73 288 186 353 uertice
207 289 245 355 ad
264 291 369 355 basim
387 290 659 375 perpendicularis
675 290 825 356 dimidiae
838 290 910 355 basi
928 293 1071 376 aequalis

75 399 129 478 esi,
155 394 210 461 ille
237 401 341 466 maior
369 397 431 463 eric
459 397 609 462 omnibus
635 397 670 461 in
698 419 778 463 cono
806 396 978 484 lriangulis
1004 421 1072 465 non

75 502 235 568 similibus.

132 632 206 675 narn
227 609 264 674 in
286 627 369 673 cono
391 608 481 671 recto
504 602 687 689 triangulus
715 602 759 667 sit
781 609 813 667 A
820 605 880 667 ΓΔ
906 603 1072 687 perpendi-

76 716 206 782 cularem
232 719 299 782 AB
335 712 501 797 aequalem
531 710 655 775 habens
688 714 794 776 reciae
822 713 889 774 ΒΔ
921 710 1071 775 dimidiae

561 816 650 881 basis
669 818 738 880 ΓΛ.
775 815 856 902 dico,
873 816 1071 902 triangulum

559 929 593 988 A
599 925 661 987 ΓΔ
687 922 842 988 maiorem
873 945 942 988 esse
971 924 1071 988 omni·

516 1093 521 1100 ,
560 1030 621 1094 bus
639 1029 811 1115 triangulis
829 1052 895 1094 non
910 1029 1070 1095 similibus

559 1136 594 1200 in
617 1156 700 1202 conc
724 1137 928 1202 constructis.
1053 1161 1056 1168 ·

628 1246 775 1307 sumatur
799 1242 885 1308 enim
909 1244 992 1309 alius
1016 1245 1071 1309 ali·

562 1349 635 1434 quis
644 1348 828 1434 triangulus
839 1350 868 1414 ei
878 1372 944 1414 non
954 1351 1070 1416 similis

560 1460 673 1540 AEZ,
705 1455 740 1519 in
772 1477 835 1540 quo
862 1457 1072 1540 perpendicu-

481 1558 509 1610 Λ
558 1561 1071 1646 larissitAlLelaBadAA

559 1668 832 1753 perpendicularis
848 1669 984 1734 ducatur
996 1672 1070 1755 ΒΘ,

341 1798 353 1833 ,¹
449 1761 478 1813 ἶ
560 1777 600 1840 ab
639 1781 679 1840 H
714 1780 823 1839 aulem
862 1774 1071 1860 perpendicu-

559 1882 637 1948 laris
666 1884 706 1947 ad
734 1887 799 1946 ΑΖ
827 1883 963 1948 ducatur
989 1885 1069 1946 HK.

562 1990 716 2074 quoniam
756 1993 864 2055 ΑΓΔ
905 1989 1070 2076 triangulo

79 2097 164 2158 ΑΕΖ
191 2094 306 2160 similis
333 2117 400 2160 non
428 2101 491 2180 est,
523 2095 623 2160 etiam
646 2100 751 2161 ΑΒΔ
778 2096 941 2182 triangulo
964 2100 1070 2162 AHZ

80 2197 180 2266 similis
200 2223 267 2267 non
290 2205 349 2267 est.
395 2205 428 2266 ei
451 2202 632 2288 rectanguli
656 2208 745 2289 suni,
772 2208 805 2268 ci
828 2206 933 2268 ΑΒΔ
961 2202 1070 2286 aequi-

80 2307 200 2394 erarius,
214 2307 324 2392 itaque
334 2314 366 2373 A
371 2312 411 2372 H
414 2312 441 2372 Z
456 2308 675 2393 aequicrurius
689 2331 755 2373 non
767 2314 824 2374 esi.
858 2330 955 2393 quare
971 2307 1069 2372 etiarn

81 2410 150 2477 AB*
164 2446 202 2468 ==
218 2413 312 2501 BA2,
347 2416 403 2480 sed
426 2421 458 2480 A
465 2413 515 2480 H²
543 2417 701 2500 quadrato
724 2413 812 2479 ΗΖΒ
838 2437 904 2479 non
927 2413 1068 2499 aequale.

81 2523 120 2583 esi
148 2514 328 2607 autemsp.
355 2523 415 2588 131
441 2522 523 2607 noa]
556 2519 1006 2588 AB2213A²=Ac2eA
1036 2525 1070 2585 et

80 2625 504 2714 AH²:HZ²=AK:KZ;
526 2630 636 2713 itaque
652 2636 721 2695 ΑΔ
739 2629 774 2693 in
791 2631 901 2714 partes
919 2628 1068 2712 aequales

80 2739 153 2800 secta
174 2740 237 2822 esi,
264 2741 330 2801 ΑΖ
354 2740 463 2802 aulem
490 2737 525 2800 in
546 2737 741 2821 inaequales.
788 2735 941 2821 quoniam
968 2734 1070 2820 igilur

81 2844 144 2926 ΔΑ,
161 2847 224 2907 AZ
252 2841 401 2927 aequales
430 2847 520 2928 suni,
546 2844 704 2908 etaltera
730 2843 765 2906 in
787 2847 895 2926 parces
920 2842 1068 2926 aequales

81 2952 153 3013 secta
174 2954 235 3034 esi,
264 2950 367 3015 altera
393 2949 428 3012 in
454 2949 653 3034 inaequales,
680 2949 904 3034 rectangulum
926 2947 1068 3032 partium

80 3056 244 3140 aequalium
253 3057 357 3122 maius
368 3061 418 3121 esi
431 3055 620 3143 rectangulo
634 3054 852 3139 inaequalium
863 3052 1068 3140 [Eu01.11,5];

79 3157 171 3246 itaque
185 3170 218 3229 A
225 3167 254 3228 Θ
264 3179 306 3230 ><
319 3167 381 3228 ΘΔ
389 3176 423 3236 >
434 3166 506 3228 ΑΚ
512 3180 554 3230 ><
563 3166 598 3226 Κ
602 3166 637 3226 Z.
664 3183 777 3225 nerum
788 3159 893 3244 [Eucl.
903 3159 960 3245 VI,
970 3161 1001 3244 8,
1012 3158 1066 3243 17]

136 3361 174 3412 23.
193 3357 289 3428 ΑΘΔ]
303 3365 358 3412 τῶν
372 3361 394 3410 Α
402 3357 435 3424 Θ,
456 3357 511 3411 ΘΔ
524 3373 551 3424 p,
566 3356 599 3407 ut
612 3358 731 3422 semper.'
782 3356 824 3406 25.
841 3352 894 3406 ΒΘ
907 3382 943 3392 -
956 3349 1024 3421 ἀπό]
1038 3367 1066 3419 p,

81 3439 123 3481 orn
134 3426 183 3484 Vc.
242 3429 292 3500 τῷ]
310 3445 344 3498 p,
362 3425 394 3482 τό
412 3425 521 3496 Halley.
585 3424 710 3495 rd(alt.)]
731 3421 841 3493 scripsi,
861 3427 899 3494 τῷ
917 3437 932 3476 e
951 3437 1019 3476 corr.
1038 3439 1065 3491 p,

80 3501 110 3568 qr
123 3497 224 3570 Harey.
854 3582 906 3637 10·
