2488 3938
152 183 194 246 3ss
421 185 510 236 ΠΕΡΙ
527 185 743 236 mmm
761 187 899 238 τοιιΗΣ.

152 329 211 392 τὸν
238 330 339 410 λόγον
367 322 452 392 εἶναι
480 339 547 394 τῶν
574 327 759 415 διαμέτρων
787 330 847 395 τὸν
875 329 979 395 αὐτὸν
1002 329 1079 416 πρὸς
1103 330 1161 412 τὴν

153 435 258 518 αὐτὴν
281 435 342 518 τὴν
364 439 439 500 ΑΓ.

208 576 316 642 Ἔστω
340 574 376 642 δέ
399 586 464 642 νῦν
486 578 504 644 ὁ
529 576 644 657 δοθεὶς
665 589 772 656 κῶνος
795 583 967 663 σκαληυός,
992 573 1032 644 οὗ
1054 580 1089 644 τὸ
1109 577 1162 642 ὃιίι

152 693 212 748 τοῦ
236 682 353 761 ἄξονος
374 688 538 771 τρίγωνον
556 686 594 750 τὸ
613 689 719 750 ΑΒΓ
731 687 815 772 πρὸς
833 687 940 773 ὀρθὰς
958 685 999 751 ὃν
1017 697 1054 772 τῇ
1072 686 1162 770 βάσει

118 805 134 853 5
153 801 212 856 τοῦ
234 794 356 877 κώνου,
378 789 434 856 καί
457 794 539 857 ἔστω
562 791 669 874 ἡΑΒ
687 801 745 876 τῆς
763 796 835 857 ΑΓ
847 796 976 877 μείζων,
1000 791 1054 857 καὶ
1076 815 1161 879 περι-

153 899 336 985 γεγράφθω
359 899 494 982 κύκλος,
522 898 578 963 καὶ
599 901 694 983 ἤχθω
719 900 775 964 διὰ
798 908 858 964 τοῦ
883 906 914 964 Α
937 909 977 985 τῇ
1001 903 1069 965 ΒΓ
1086 922 1162 985 παρ-

153 1005 295 1090 άλληλος
316 1005 337 1088 ἡ
356 1011 427 1070 ΑΔ
445 1005 600 1089 δηλονότι
621 1005 785 1090 τέμνουσα
803 1008 863 1072 τὸν
881 1008 1015 1090 κύκλον,
1037 1005 1162 1088 καὶτῆς

151 1119 221 1177 ΛΑ
248 1115 458 1197 περιφερείας
485 1114 562 1196 δίχα
588 1115 769 1197 τμηθείσης
795 1113 878 1178 κατὰ
901 1114 938 1179 τὸ
962 1119 994 1178 Ε
1016 1114 1161 1197 εἰλήφθω
1227 1196 1228 1200 ¹

153 1242 185 1283 τι
212 1228 349 1302 σημεῖον
376 1215 429 1282 ἐπὶ
456 1228 514 1302 τῆς
540 1225 610 1284 ΔΕ
630 1222 841 1306 περιφερείας
864 1221 900 1284 τὸ
927 1225 969 1304 Ζ,
995 1217 1051 1284 καὶ
1073 1220 1160 1302 ἤχθω

101 1339 134 1386 10
153 1325 363 1411 παράλληλος
388 1334 428 1411 τῇ
455 1331 526 1390 ΔΑ
553 1326 573 1409 ἡ
603 1331 684 1410 ΖΗ,
720 1324 776 1391 καὶ
806 1325 1034 1410 ἐπιζευχθεῖσα
1060 1325 1082 1409 ἡ
1109 1320 1163 1409 μὲν
1230 1355 1231 1362 ¹

154 1438 220 1497 ΖΑ
246 1430 456 1517 συμπιπτέτω
484 1442 524 1519 τῇ
551 1437 619 1498 ΒΓ
641 1434 723 1498 κατὰ
750 1435 787 1499 τὸ
818 1438 860 1517 Θ,
887 1429 969 1516 ἡθὲ
993 1437 1032 1497 Η
1034 1438 1065 1497 Α
1088 1429 1162 1496 κατὰ

153 1541 190 1604 τὸ
219 1543 264 1603 Κ·
297 1539 342 1617 ὡς
369 1541 433 1626 ίίρα
461 1541 481 1624 ἡ
509 1543 582 1604 ΑΚ
607 1541 691 1626 πρὸς
717 1541 779 1624 τὴν
807 1543 893 1624 ΚΗ,
921 1539 1028 1616 οὕτως
1056 1539 1076 1622 ν]
1102 1539 1163 1602 ΑΘ

153 1649 237 1734 πρὸς
267 1649 328 1732 τὴν
359 1651 430 1713 ΘΖ.
481 1645 553 1711 ἀλλ’
584 1647 629 1724 ὡς
655 1643 716 1731 μὲν
743 1648 763 1731 ἡ
791 1650 864 1711 ΑΚ
886 1647 970 1732 πρὸς
998 1647 1060 1730 τὴν
1088 1645 1162 1724 ΚΗ,

153 1755 258 1831 οὕτως
285 1755 322 1819 τὸ
351 1754 415 1818 ἀπὸ
442 1763 500 1838 τῆς
526 1757 599 1818 ΑΚ
623 1755 707 1840 πρὸς
734 1755 770 1818 τὸ
799 1753 864 1818 ὑπὸ
892 1763 960 1817 τῶν
984 1756 1072 1837 ΗΚ,
1091 1753 1161 1830 ΚΑ,

101 1871 134 1919 15
153 1861 198 1939 ὡς
225 1858 262 1925 δὲ
289 1861 310 1944 ἡ
338 1864 406 1925 ΑΘ
432 1862 515 1945 πρὸς
541 1862 603 1945 τὴν
633 1864 710 1944 ΘΖ,
739 1859 845 1937 οὕτως
872 1861 908 1924 τὸ
933 1857 998 1924 ἀπὸ
1021 1867 1081 1943 τῆς
1102 1858 1163 1922 ΑΘ
1231 1913 1232 1918 ,

152 1969 235 2053 πρὸς
262 1967 299 2031 τὸ
327 1965 392 2031 ὑπὸ
416 1977 483 2032 τῶν
506 1972 588 2052 ΑΘ,
614 1972 688 2032 ΘΖ·
717 1967 762 2044 ὡς
784 1968 849 2052 ἄρα
871 1968 908 2031 τὸ
932 1965 996 2031 ἀπὸ
1020 1974 1079 2049 τῆς
1101 1962 1165 2028 ΑΚ

152 2074 235 2158 πρὸς
257 2074 295 2137 τὸ
317 2072 383 2138 ὑπὸ
401 2084 468 2138 τῶν
487 2077 569 2158 ΗΚ,
588 2077 667 2158 ΚΑ,
690 2071 840 2139 τουτέστι
859 2073 942 2159 πρὸς
960 2073 997 2138 τὸ
1017 2072 1084 2137 ὑπὸ
1103 2079 1162 2134 τῶν
1232 2063 1234 2148 ]

153 2182 233 2263 ΒΚ,
257 2181 336 2264 ΚΓ,
364 2179 470 2257 οὕτως
497 2181 534 2246 τὸ
563 2180 626 2246 ἀπὸ
655 2189 712 2265 τῆς
739 2185 808 2245 ΑΘ
834 2181 917 2267 πρὸς
944 2181 982 2244 τὸ
1011 2178 1077 2243 ὑπὸ
1102 2184 1162 2241 τῶν
1232 2163 1234 2226 ἶ

156 2291 228 2371 ΖΘ,
254 2291 334 2371 ΘΑ,
362 2285 512 2352 τουτέστι
538 2289 622 2374 πρὸς
648 2289 685 2352 τὸ
708 2287 774 2352 ὑπὸ
797 2298 865 2351 τῶν
887 2290 968 2370 ΒΘ,
995 2288 1066 2350 ΘΓ.
1112 2281 1162 2347 ἐὰν

101 2405 136 2454 20
155 2390 217 2460 οὖν
239 2394 449 2479 διαγάγωμεν
472 2395 606 2470 εὐθείας
627 2395 860 2480 παραλλήλους
882 2402 921 2478 τῇ
940 2389 1001 2476 μὲν
1020 2399 1052 2456 Α
1059 2395 1094 2455 Κ
1108 2389 1161 2470 τὴν
1233 2375 1234 2434 Ϊ

155 2506 241 2585 ΛΜ,
264 2512 303 2588 τῇ
327 2497 363 2566 δὲ
382 2508 414 2566 A
422 2506 451 2567 Θ
468 2503 530 2586 τὴν
549 2505 629 2584 ΛΝ,
652 2498 707 2565 καὶ
731 2499 776 2564 δι’
798 2501 908 2566 αὐτῶν
931 2497 1078 2583 ἀχθέντα
1101 2493 1161 2560 έπί·
1232 2525 1234 2546 =

153 2609 236 2672 πεᾶα
259 2606 338 2692 τέμχγ
361 2609 420 2672 τὸν
442 2621 566 2692 κῶνον,
594 2608 710 2692 ὁμοίας
733 2605 892 2686 ἐλλείψεις
914 2608 1053 2690 ποιήσει.
1100 2594 1161 2668 ἐπεὶ

153 2713 231 2798 γαρ,
260 2713 305 2789 ὡς
327 2714 364 2777 τὸ
387 2713 451 2778 ἀπὸ
474 2723 532 2798 τῆς
554 2718 626 2779 ΑΚ
645 2715 728 2800 πρὸς
750 2715 787 2778 τὸ
810 2713 875 2779 ὑπὸ
899 2723 967 2778 τῶν
989 2714 1070 2795 ΒΚ,
1093 2705 1159 2786 ΚΓ,
1233 2737 1234 2744 “

155 2819 260 2896 οὕτως
289 2819 326 2884 τὸ
355 2818 418 2884 ολπὸ
446 2829 504 2904 τῆς
531 2825 599 2885 ΑΘ
624 2822 708 2907 πρὸς
735 2821 771 2885 τὸ
799 2819 864 2884 ὑπὸ
892 2830 960 2884 τῶν
987 2823 1067 2901 ΒΘ,
1096 2811 1159 2891 ΘΓ,

101 2937 136 2986 25
154 2922 227 2992 ἀλλ’
253 2927 298 3004 ὡς
324 2922 384 3010 μέν
411 2928 448 2992 τὸ
477 2925 540 2993 ἀπὸ
568 2937 625 3012 τῆς
652 2931 725 2992 ΑΚ
743 2927 826 3013 πρὸς
849 2927 886 2992 τὸ
908 2926 974 2991 ὑπὸ
998 2936 1064 2990 τῶν
1086 2919 1158 2998 ΒΚ,

227 3198 250 3247 1,
269 3191 319 3246 τὸν
338 3189 436 3261 αὐτόν]
455 3199 510 3245 τῶν
530 3192 622 3246 αὐτῶν
642 3207 664 3246 ο.
748 3197 772 3246 3.
792 3187 840 3262 δέ]
860 3189 896 3259 δή
913 3207 940 3258 p.
1019 3195 1043 3244 5.
1062 3184 1118 3256 τῆς]
1134 3195 1157 3247 Ι),

154 3272 187 3335 τῇ
205 3263 258 3318 Vc.
346 3268 369 3316 7.
389 3262 462 3315 Ante
481 3267 535 3316 ΑΔ
553 3261 606 3316 del.
626 3262 676 3316 τὸν
695 3259 785 3316 δοθέν
803 3278 826 3316 ο.
914 3265 956 3314 13.
978 3262 1047 3332 ΘΖ]
1070 3257 1118 3313 ΖΘ
1132 3267 1157 3318 P·

192 3340 234 3387 16.
252 3337 315 3402 ΑΘ,
336 3334 405 3404 ΘΖ]
427 3335 489 3400 ΖΘ,
510 3335 557 3388 ΘΑ
574 3351 601 3401 p.
680 3337 721 3388 17.
740 3331 813 3404 ὑπό]
832 3348 900 3387 corr.
922 3348 956 3385 ex
974 3330 1032 3386 ἀπό
1051 3349 1085 3384 m.
1105 3333 1114 3379 1
1133 3337 1155 3389 Ρ·

190 3402 314 3458 τουτέστι
333 3408 426 3457 -18,
446 3403 519 3474 ΚΓ]
539 3419 592 3456 om.
606 3420 633 3471 p.
708 3408 749 3457 19.
768 3401 945 3458 τουτέστι-
967 3405 1040 3475 ΘΓ]
1059 3403 1094 3463 ὡς
1110 3392 1157 3459 ἄρα

156 3472 187 3524 τὸ
207 3473 264 3527 ἀπὸ
282 3482 331 3542 τῆς
349 3478 404 3528 ΑΚ
425 3472 495 3542 πρὸς
517 3472 549 3526 τὸ
572 3473 628 3527 ὑπὸ
650 3483 706 3528 τῶν
725 3477 796 3541 ΗΚ,
816 3479 881 3542 ΚΑ,
908 3470 1033 3528 τουτέστι
1051 3469 1116 3540 πρὸς
1131 3459 1157 3515 ‘3

157 3542 211 3594 ὑπὸ
231 3551 286 3596 τῶν
304 3547 366 3610 ΒΚ,
381 3547 409 3597 Κ
414 3547 451 3611 Γ,Ι
467 3541 538 3596 οὕτω
556 3542 587 3596 τὸ
605 3543 663 3597 ἀπὸ
682 3552 731 3614 τῆς
748 3547 803 3600 ΑΘ
821 3544 891 3614 πρὸς
908 3545 939 3599 τὸ
958 3545 1014 3600 ὑπὸ
1033 3554 1087 3600 τῶν
1106 3535 1159 3598 ZG,
