2574 3934
159 113 179 175 8
428 113 517 164 ΠΕΡΙ
535 110 750 166 Κνλιαεεοτ
768 115 903 168 Τοιιεεε.

226 259 274 321 ε”τι
301 255 433 321 κὰκεῖνο
455 257 708 343 προθιωρίσθοι,
737 257 788 322 ὅτι
811 258 921 342 ὅμοιαι
945 256 1105 335 ἐλλείψεις
1129 259 1179 320 εί-

161 367 226 446 σίν,
250 357 298 428 ὧν
320 361 473 449 ἑκατέρας
495 365 533 428 αί
553 367 704 446 σνζυγεῖς
727 364 897 450 διάμετροι
922 365 1006 449 πρὸς
1029 363 1181 446 ἀλλήλας

161 471 220 535 τὸν
243 470 345 534 αὐτὸν
368 472 479 554 έχουσι
502 473 603 552 λόγον
625 468 680 534 καὶ
700 472 783 556 πρὸς
803 477 875 547 ἴσας
893 474 1017 552 γωνίας
1036 469 1180 554 τέμνον-

162 594 217 643 σιν
241 577 391 660 ἀλλήλας.

126 695 142 744 5
642 683 688 748 α’.

226 789 302 856 Ἐὰν
326 787 387 856 ὦσι
406 791 467 855 ἁύο
487 791 616 856 εὐθεῖαι
635 789 814 874 ἁπτόμεναι
833 790 985 872 ἀλλήλοιν
1003 792 1093 876 παρὰ
1112 792 1181 856 δύο

162 897 296 974 εὐθείας
315 895 498 982 ἁπτομένας
517 896 668 979 ἀλλήλοιν
686 894 741 961 καλ
761 903 833 973 ἴσας
851 894 1009 981 ἑκατέραν
1027 895 1181 985 ἑκατέρᾳ,

162 1005 200 1068 αί
220 1005 260 1068 τὰ
282 1001 405 1090 πέρατα
428 1004 538 1068 αὐτῶν
551 1002 828 1086 ἐπιζευγνύουσαι
850 1001 906 1067 καλ
929 1001 1026 1068 αὐταὶ
1050 1009 1119 1068 ἴσαι
1141 1029 1182 1070 τε

162 1109 218 1175 καὶ
240 1110 446 1194 παράλληλοί
466 1112 559 1175 εἰσιν.
699 1195 700 1200 ¹

111 1231 145 1279 10
230 1219 377 1281 έστιοσαν
404 1217 466 1280 δύο
493 1211 622 1281 εὐθεῖαι
650 1215 828 1301 ἁπτόμεναι
856 1215 1008 1298 ἀλλήλων
1035 1217 1072 1280 αλ
1097 1221 1182 1300 AB,

165 1325 232 1388 ΒΓ
253 1325 342 1410 παρὰ
369 1323 431 1388 ὃύο
458 1323 592 1399 εὐθείας
619 1321 803 1408 ἁπτομένας
830 1318 984 1406 ἁλληλοον
1011 1324 1069 1400 τὰς
1095 1329 1182 1402 ΔΕ,

164 1433 243 1513 ΕΖ,
269 1427 325 1493 καὶ
353 1436 406 1512 ἴση
434 1431 515 1494 ἔστω
544 1429 564 1512 η
591 1425 651 1513 μὲν
674 1429 738 1494 ΑΒ
762 1438 801 1514 τῇ
824 1435 906 1513 ΔΕ,
932 1429 953 1512 ἡ
980 1427 1018 1494 δὲ
1045 1432 1112 1495 ΒΓ
1135 1440 1181 1516 τῇ

165 1540 244 1620 ΕΖ,
271 1534 326 1600 καὶ
359 1535 606 1620 ἐπεζεύχθωσαν
636 1531 673 1600 αί
698 1541 730 1600 Α
736 1539 777 1620 Γ,
810 1541 843 1600 Δ
850 1541 885 1600 Ζ.
934 1535 1029 1621 λέγω,
1058 1537 1111 1602 ὅτι
1139 1540 1185 1602 αί

165 1644 245 1726 ΑΓ,
268 1647 301 1706 Δ
308 1647 335 1706 Ζ
359 1649 428 1708 ἴσαι
450 1666 484 1708 τε
506 1641 562 1707 καὶ
583 1642 791 1728 παράλληλοί
810 1646 903 1708 εἰσιν.

113 1763 146 1812 15
233 1749 481 1834 ἐπεζεύχθωσαν
499 1751 537 1813 αί
548 1753 626 1833 BE,
646 1752 716 1835 ΓΖ,
734 1757 814 1814 ΑΔ,
848 1748 917 1815 ἐπεὶ
936 1748 956 1832 ἡ
976 1755 1040 1814 ΑΒ
1054 1759 1094 1836 τῇ
1107 1756 1185 1816 ΔΕ

166 1863 220 1940 ἴση
248 1878 282 1920 τε
309 1854 364 1920 καὶ
390 1855 598 1941 παράλληλός
621 1856 705 1940 ἐστι,
729 1854 785 1920 καὶ
807 1855 827 1939 ἡ
851 1861 916 1920 ΒΕ
937 1858 1000 1940 ἁρα
1024 1907 1031 1921 .
1052 1908 1057 1920 .
1077 1905 1111 1920 ..
1136 1869 1181 1943 τῇ

167 1965 228 2028 ΓΖ
257 1968 311 2044 ἴση
341 1984 376 2026 τε
404 1959 459 2026 καὶ
488 1962 696 2048 παράλληλός
726 1961 802 2027 ἐστι.
854 1961 909 2027 καὶ
939 1965 976 2027 αί
1001 1965 1079 2046 ΑΓ,
1108 1969 1181 2028 ΔΖ

166 2071 230 2154 ἄρα
255 2073 324 2132 ἴσαι
346 2065 458 2131 τεκαὶ
480 2067 687 2153 παριίλληλοί
707 2069 805 2134 είσιν·
829 2067 846 2133 ὃ
870 2068 1039 2155 προέκειτο
1063 2068 1181 2147 δείξαι.

647 2262 693 2347 β’.

114 2402 148 2451 20
231 2386 307 2453 Ἐἁν
333 2390 511 2475 κύλινδρος
538 2388 679 2476 ἐπιπέδῳ
707 2395 817 2475 τμηθῇ
841 2389 897 2453 θιὰ
919 2397 979 2454 τοῦ
1002 2387 1133 2473 ἄξονος,
1159 2392 1182 2475 ἡ

167 2497 249 2580 τομη
271 2499 613 2582 παραλληλόγραμμον
636 2499 734 2560 ἔσται.

241 2694 264 2743 1.
286 2687 392 2759 ὅμοιαι]
411 2703 463 2756 pc,
484 2686 582 2755 ὅμαιαι
595 2688 651 2757 Vv,
670 2705 725 2756 mg.
741 2708 781 2758 ηρ.
797 2693 815 2754 †
830 2685 925 2755 ὅμοιαι
942 2705 978 2741 m.
993 2703 1046 2740 rec.
1057 2687 1089 2740 V.
1152 2693 1179 2742 2.

170 2761 305 2831 συζυγεῑς]
324 2777 399 2854 vcp4
419 2775 498 2814 enan.
509 2754 542 2828 V,
561 2761 648 2829 repet.
663 2777 718 2828 mg.
733 2777 768 2813 m.
784 2775 837 2812 rec.
903 2763 926 2812 5.
946 2758 990 2829 α’]
1009 2777 1036 2828 p,
1057 2774 1110 2812 om.
1122 2753 1179 2814 Vc.

205 2837 229 2886 8.
249 2829 344 2902 αὐταί]
364 2849 447 2885 ανται
465 2829 542 2898 ch.
616 2835 658 2884 13.
679 2831 732 2884 ΕΖ
751 2859 784 2870 —-
805 2835 846 2883 14.
866 2829 948 2900 εἰσιν]
967 2847 1056 2898 mg.p
1076 2826 1179 2898 (κείμε-

169 2906 244 2974 νον);
267 2901 298 2955 in
316 2904 395 2956 textu
415 2900 516 2955 deinde
535 2901 588 2956 del.
610 2899 736 2956 ΕΖκαί.
810 2905 851 2954 13.
873 2904 926 2954 ΕΖ
964 2904 1059 2970 ZEp.
1134 2907 1177 2955 15.

168 2976 309 3042 ΑΔ,ΒΕ,
325 2977 376 3027 ΓΖ
393 2991 421 3042 p.
476 2970 548 3043 ἐπεί]
568 2972 628 3027 ἐπεὶ
643 2969 694 3028 ούν
707 2991 734 3042 p.
790 2977 831 3027 16.
850 2973 926 3043 τε]τ
955 2970 1052 3026 ἐστι.
1108 2971 1179 3096 Ἢ

170 3061 222 3100 0111.
263 3088 268 3100 .
345 3045 413 3098 Post
434 3043 490 3112 ἄρα
515 3043 677 3098 exciderunt
699 3044 769 3098 haee
792 3042 862 3098 fere:
889 3051 923 3114 τη
941 3048 994 3096 ΑΔ
1029 3060 1062 3112 οη
1080 3061 1110 3096 τε

169 3115 343 3186 παραλληλός
362 3115 425 3170 ἐστι,
453 3113 502 3170 καὶ
521 3113 581 3170 ἐπεὶ
599 3115 616 3185 ἡ
632 3115 687 3168 ΒΓ
701 3123 734 3187 τῇ
754 3115 807 3169 ΕΖ
827 3111 871 3183 ἴση
890 3132 919 3168 τε
937 3115 986 3170 καὶ
1004 3111 1179 3183 παράλληλός

170 3187 235 3256 ἐστι,
253 3187 337 3256 καλὴ
358 3190 410 3241 ΒΕ
429 3185 484 3254 ἄρα
502 3195 536 3259 τῇ
556 3191 607 3240 ΓΖ
627 3184 671 3257 ἴση
690 3205 719 3240 τε
737 3185 786 3241 καλ
804 3183 978 3256 παράλληλός
996 3183 1059 3240 ἔστι.
1092 3183 1141 3239 καὶ
1159 3185 1177 3256 ἡ

169 3265 222 3313 ΑΔ
241 3258 304 3327 ἁρα.
379 3259 420 3312 17.
442 3259 505 3329 ΓΖ]
524 3257 582 3326 Va,
602 3263 655 3312 ΑΔ
673 3275 700 3326 p.
780 3256 847 3380 mol]
867 3255 916 3310 ἁιὰ
934 3256 969 3310 τὰ
987 3253 1060 3310 αὐτὰ
1079 3253 1110 3310 δὲ
1129 3257 1178 3310 καὶ

170 3329 187 3398 ἡ
209 3334 259 3384 ΓΖ
278 3338 310 3402 τῇ
328 3333 381 3384 ΒΕ
400 3328 444 3399 ἴση
465 3328 520 3382 ἐστὶ
538 3331 587 3384 καὶ
605 3327 790 3397 παράλληλος*
811 3348 829 3381 α
859 3334 912 3382 ΑΔ
931 3327 986 3395 ἄρα
1002 3330 1053 3380 ΓΖ
1072 3325 1130 3381 ίσαι
1148 3325 1178 3381 τὲ

172 3399 224 3454 εἰσι
242 3401 290 3456 καλ
308 3399 478 3470 παράλληλοι
496 3419 523 3469 p.
611 3405 651 3454 18.
675 3401 716 3471 τε]
737 3396 806 3453 εἰσίν
824 3417 851 3468 p.
933 3399 1003 3454 εἰσιν
1022 3427 1055 3438 —-
1074 3398 1176 3470 δείξαι]

172 3488 224 3525 om.
243 3489 270 3540 p.
344 3478 384 3527 19.
405 3472 447 3543 β’]
466 3489 499 3540 p,
521 3489 557 3526 m.
576 3485 630 3526 ree.
650 3471 683 3538 V,
708 3485 761 3524 om.
780 3485 826 3524 ve.
