2592 3932
196 149 261 213 258
506 149 594 199 ΠΕΡΙ
611 146 741 199 mor
758 147 894 199 Τοωιιε.

196 299 224 358 Β
231 298 311 359 ΑΕ·
323 289 572 377 συναμφοτέρος
580 289 960 376 ἅραῆὺπὸΒΛΕ,ΒΔΑ
968 287 1203 376 συναμφοτέρου
1268 299 1269 380 ]

195 411 234 486 τῆ
253 399 318 464 ὑπὸ
334 404 450 482 ΒΔΕ,
464 400 572 463 ΒΑΓ
586 397 677 463 ε’στιν
696 403 759 480 ἴση.
796 401 854 461 καί
871 396 939 461 ἐστι
958 400 1203 483 συναμφότερος
1268 383 1269 426 ³

194 506 214 590 ἡ
242 506 307 570 ὑπὸ
335 510 452 588 ΒΑΕ,
481 509 585 569 ΒΔΑ
613 501 712 568 δυσὶν
743 503 863 589 ὀρθαῖς
892 509 960 586 ἴση·
996 501 1051 567 καὶ
1082 521 1203 588 συναμ-
1269 494 1270 582 ]

196 615 337 698 φότερος
364 614 428 697 όίρα
451 611 470 695 ῆ
494 610 559 677 ὑπὸ
583 615 699 693 ΒΔΕ,
728 613 832 675 ΒΑΓ
850 607 950 674 όυσῖν
974 608 1092 695 ὀρθαῖς
1115 610 1202 675 ἐστιν
1269 589 1270 652 ἴ

157 725 257 802 εἴση.
303 721 372 784 ἔστι
401 715 437 783 δὲ
463 715 519 782 καὶ
547 719 796 801 συναμφότερος
824 717 844 800 ι]
873 715 939 781 ὑπὸ
963 720 1076 800 ΒΑΓ,
1105 719 1206 781 ΒΑΓ

193 824 292 891 δυσὶν
325 824 445 910 ὀρθαῖς
477 831 545 907 ἴση·
579 826 828 908 συναμφότερος
856 825 920 908 ἴίρα
947 822 967 906 ι]
995 823 1061 888 ὑπὸ
1089 828 1202 906 ΒΔΕ,
1270 860 1271 906 ]

192 936 297 997 ΒΑΓ
325 929 564 1018 συναμφοτέρῳ
597 939 636 1014 τῆ
668 929 733 994 ὑπὸ
762 934 829 993 ΒΔ
835 932 876 1013 Γ,
909 933 1014 994 ΒΑΓ
1042 936 1095 1012 ἴση
1126 929 1200 994 ἐστί.
1270 907 1271 930 ¹

190 1049 305 1124 κοινῆς
327 1039 488 1126 ἀρθείσης
510 1047 568 1121 τῆς
589 1037 655 1102 ὑπὸ
674 1039 780 1100 ΒΑΓ
798 1038 895 1120 λοιπὴ
919 1035 939 1119 ῆ
960 1037 1026 1102 ὑπὸ
1047 1041 1149 1102 ΒΑΕ
1164 1046 1200 1120 τῆ

191 1147 254 1210 ὑπὸ
275 1151 343 1210 ΒΑ
350 1148 382 1210 Γ
400 1151 453 1228 ἴση
478 1144 576 1209 ἐστίν.
614 1141 684 1208 ε’πεῖ
706 1138 769 1208 οὖν
788 1148 842 1226 ἴση
861 1139 921 1228 μὲν
940 1143 960 1226 ι]
981 1146 1047 1208 ΓΛ
1065 1155 1104 1230 τῆ
1122 1148 1199 1226 ΑΕ,

140 1264 173 1313 10
193 1254 287 1336 κοινῆ
311 1249 348 1316 δὲ
372 1252 391 1336 ῆ
411 1256 494 1336 ΒΑ,
517 1248 573 1316 καῖ
596 1248 671 1336 περὶ
695 1256 769 1326 ἴσας
791 1254 924 1333 γωνίας,
947 1248 1002 1314 καὶ
1025 1250 1122 1334 βάσις
1140 1252 1198 1335 ἄρα
1271 1228 1272 1314 V

190 1357 210 1440 ἡ
231 1361 293 1422 ΓΒ
317 1367 355 1442 τῆ
375 1362 441 1422 ΒΕ
463 1356 552 1421 ἐστιν
576 1362 639 1440 ἴση.
676 1355 731 1421 καὶ
751 1354 819 1421 ἐπεὶ
839 1359 875 1421 αἴ
891 1360 972 1439 ΑΒ,
992 1361 1058 1420 ΒΕ
1075 1358 1198 1422 εὐθεῖαι

191 1463 337 1547 μείζονές
359 1466 423 1529 εἰσι
446 1472 503 1548 τῆς
522 1468 602 1546 ΑΕ,
627 1463 709 1528 ἀλλὰ
728 1475 799 1540 ταῖς
816 1459 877 1547 μὶν
895 1469 927 1527 Α
933 1467 976 1546 Β,
996 1467 1062 1528 ΒΕ
1079 1481 1197 1548 συναμ-

190 1572 330 1656 φότερος
357 1571 377 1655 ῆ
404 1573 510 1635 ΑΒΓ
533 1576 587 1653 ἴση
619 1569 702 1653 ἐστί,
730 1578 768 1655 τῆ
797 1566 834 1634 δὲ
857 1574 926 1635 ΑΕ
951 1574 1197 1655 συναμφότερος
1272 1594 1273 1686 ρ

188 1677 208 1760 ι]
233 1684 304 1743 ΑΛ
310 1682 343 1743 Γ
361 1683 415 1760 ἴση
439 1676 518 1760 ε’στί,
540 1674 596 1741 καὶ
619 1679 868 1762 συναμφότερος
890 1678 954 1762 όίρα
976 1676 996 1759 ἡ
1021 1681 1128 1742 ΑΒΓ
1145 1686 1197 1760 τῆς
1272 1701 1273 1715 ’

135 1796 167 1844 15
187 1790 258 1848 ΑΔ
266 1788 298 1849 Γ
324 1787 441 1869 μείζων
474 1783 545 1848 ἐστί
565 1835 571 1848 .
628 1783 749 1867 ὁμοίως
781 1779 817 1847 δὲ
850 1784 1018 1848 δείκνυται
1049 1782 1106 1848 καῖ
1136 1794 1197 1848 τῶν

187 1892 298 1955 ἄλλων
335 1894 462 1974 μείζων.
519 1892 769 1975 συναμφότερος
804 1891 868 1976 όίρα
899 1888 920 1972 ι]
953 1893 1058 1955 ΑΒΓ
1085 1902 1196 1956 πασῶν

187 2008 254 2061 τῶν
278 1996 314 2061 ἐν
338 2007 383 2084 τῷ
406 1999 547 2081 τμῆματι
570 1994 748 2080 τλαμόνων
771 1999 905 2080 μεγίστη
931 1995 1028 2061 ἐστίν.

251 2101 348 2168 Ἀλλόι
372 2104 412 2187 όῆ
437 2106 518 2168 ἔστω
542 2102 562 2185 ι]
586 2105 757 2187 διχοτομία
780 2105 864 2189 πρὸς
885 2112 931 2191 τῷ
956 2107 992 2167 Ζ.
1029 2101 1125 2188 λέγω,
1149 2103 1194 2168 ὅτι

186 2209 205 2294 ἡ
238 2217 297 2273 τοῦ
328 2213 355 2273 Ζ
388 2212 500 2291 ἔγγιον
532 2208 552 2291 ι]
580 2212 686 2273 ΑΒΓ
713 2209 828 2274 εὐθεῖα
860 2217 918 2292 τῆς
945 2208 1117 2295 ἀπώτερον
1143 2217 1195 2292 τῆς

131 2327 165 2375 20
184 2323 217 2380 Α
223 2318 295 2381 ΑΓ
312 2318 431 2401 μείζων
455 2314 552 2381 ἐστίν.

253 2421 323 2488 ἐπεὶ
359 2423 421 2508 γὰρ
459 2421 479 2505 ῆ
512 2425 613 2487 ΑΖΒ
649 2420 841 2508 περιφέρεια
879 2430 938 2506 τῆς
969 2425 1075 2487 ΒΑΓ
1107 2444 1191 2508 περι-

183 2533 316 2613 φερείας
339 2532 457 2613 μείζων
480 2527 558 2613 ἐστί,
583 2526 638 2592 καὶ
661 2528 681 2611 η
704 2529 770 2594 ὑπὸ
795 2533 900 2592 ΒΔΑ
922 2529 986 2614 ἄρα
1009 2532 1115 2611 γωνία
1137 2537 1190 2610 τῆς

180 2633 246 2698 ὑπὸ
266 2638 371 2699 ΒΑΓ
384 2637 510 2718 μείζων.
547 2644 661 2718 κοινῆς
679 2637 917 2720 προστεθείσης
933 2643 992 2719 τῆς
1008 2635 1074 2700 ὑπὸ
1089 2637 1191 2700 ΒΑΕ

183 2740 220 2803 αἴ
237 2741 300 2823 ἄρα
319 2739 384 2804 ὑπὸ
404 2743 520 2823 ΒΑΕ,
540 2744 568 2803 Β
576 2746 647 2804 ΛΑ
665 2740 809 2826 μείζονές
826 2744 890 2806 εἴσι
909 2751 976 2806 τῶν
994 2741 1059 2807 ὑπὸ
1080 2745 1190 2820 ΒΑΕ,

251 3009 275 3056 4.
297 3003 397 3074 ΒΑΓ]
415 3021 442 3072 μ,
463 3019 530 3057 corr.
552 3019 586 3056 ex
605 3008 691 3058 ΔΑΓ
706 3023 741 3058 m.
757 3012 772 3058 2
787 3005 820 3075 V,
840 3009 927 3059 ΔΑΓ
944 3023 969 3059 v.
1043 3005 1116 3060 ἐστιν
1135 3002 1187 3072 ἴση]

179 3071 224 3142 ἴση
244 3073 317 3128 ἐστίν
336 3092 362 3142 p.
436 3079 461 3128 ό.
480 3074 548 3146 ὑπό]
567 3089 624 3144 vp,
643 3074 688 3129 bis
707 3075 739 3130 V.
813 3081 837 3131 8.
859 3077 967 3147 κοινῆς]
986 3076 1036 3131 καὶ
1049 3084 1144 3146 κοινῆς
1159 3091 1182 3142 p-

214 3143 360 3217 όιρθείσης]
380 3144 441 3215 Vp,
461 3145 525 3200 fort.
541 3145 597 3215 α”ρα
616 3144 763 3216 ἀρθείσηςς
784 3147 839 3217 ἄρα
859 3145 1065 3217 ἀφαιρεθείσης
1082 3146 1183 3212 ΗοΠεγ.

215 3215 349 3272 11,.ἐστιν
364 3215 421 3289 ἴση]
441 3215 486 3288 ἴση
502 3214 557 3271 ἐστί
574 3236 602 3288 p.
658 3224 699 3273 14.
720 3217 764 3287 ἴση
781 3218 853 3291 ἐστί]
874 3236 964 3289 om.p.
1021 3219 1118 3290 ΑΒΓ]
1137 3232 1181 3282 η),

178 3303 247 3342 corr.
267 3304 301 3341 ex
319 3292 406 3343 ΑΔΓ
420 3307 455 3343 m.
477 3295 491 3342 1
511 3288 544 3344 V.
619 3295 660 3343 19.
681 3290 793 3362 εὐθεῖα]
813 3308 866 3345 om.
886 3309 914 3361 p.
987 3288 1140 3359 ἀπώτερον]
1156 3303 1181 3354 p,

177 3357 315 3427 ἀπότερον
334 3360 367 3414 V.
441 3367 482 3415 21.
503 3357 580 3432 ἐπεί]
599 3379 649 3430 vp,
668 3365 794 3416 renouat.
810 3381 846 3417 m.
862 3379 916 3418 rec.
930 3362 963 3417 V.
1036 3368 1078 3418 22.
1099 3355 1182 3426 ΒΔΑ]

177 3432 1018 3504 corr.exBAEm.2V,BAEv;BI'Ap‚Peeorr.
1091 3424 1184 3514 γωνία]

176 3514 230 3552 om.
244 3518 271 3569 p.
344 3508 386 3558 23.
406 3501 516 3575 μείζων]
535 3501 636 3572 μείζων
656 3502 740 3560 ἐστίν’
762 3502 806 3576 ἴση
826 3503 857 3560 δὲ
877 3506 895 3576 τ]
915 3505 970 3562 ὑπὸ
986 3510 1066 3562 ΒΓΑ
1084 3511 1117 3578 τῇ
1134 3500 1184 3554 ὑπο
