2592 3932
162 166 229 228 284
474 167 563 218 ΠΕΡΙ
579 164 708 219 mor
726 165 863 218 ΤοαΗΣ.

230 306 298 373 ἐπεὶ
326 309 389 395 γὰρ
418 309 435 374 6
459 313 499 372 H
521 310 641 385 κύκλος
669 310 752 394 πρὸς
774 310 834 374 τὸν
860 314 888 374 Θ
910 310 1034 374 κύκλον
1057 309 1190 374 διπλα-

52 433 54 436 ·
163 418 259 480 σιόνα
287 418 388 498 λόγον
415 418 480 499 ἔχει
507 417 589 501 ἥπερ
617 414 637 498 ἡ
662 419 727 480 ΓΔ
753 417 837 501 πρὸς
860 421 936 500 ΕΖ,
965 417 1009 492 ὡς
1037 411 1073 480 δὲ
1098 416 1119 481 6
1143 421 1195 480 Η
1285 425 1286 430 ’

162 523 283 600 κύκλος
309 524 392 607 πρὸς
418 523 478 588 τὸν
503 528 531 588 Θ
557 523 695 605 κύκλον,
723 522 830 598 οὕτως
856 522 874 587 6
897 525 1041 588 ΑΗΓΔ
1068 533 1192 600 κῶνος

163 631 246 715 πρὸς
269 631 327 694 τὸν
346 634 375 693 Β
383 634 480 693 ΘΕΖ
503 641 626 694 κῶνον·
651 631 800 708 ἰσοϋψεῖς
818 628 896 714 γάρ·
920 627 975 696 καί
998 629 1015 694 6
1035 633 1191 696 ΑΗΓΔ

128 753 144 799 5
163 739 227 823 ἄρα
250 747 357 813 κῶνος
378 737 461 822 πρὸς
484 737 543 801 τὸν
561 740 697 801 ΒΘΕΖ
720 747 829 802 κῶνον
852 737 1050 802 διπλασίονα
1072 740 1191 818 λόγον

163 847 228 927 ἔχει
254 844 337 928 ἥπερ
364 843 385 926 ἡ
410 846 471 907 ΓΔ
497 843 581 928 πρὸς
603 847 682 925 ΕΖ,
709 842 882 908 τουτέστιν
908 844 991 929 ἥπερ
1015 844 1052 910 τὸ
1075 850 1109 908 Α
1116 848 1190 910 ΓΔ

163 953 328 1037 τρίγωνον
354 951 438 1036 πρὸς
464 951 501 1015 τὸ
528 954 625 1016 ΒΕΖ
654 953 831 1034 τρίγωνον·
860 950 939 1036 ὅπερ
968 951 1035 1015 ἔδει
1062 949 1188 1028 δεῖξαι.
1289 942 1290 974 ¹

639 1143 699 1228 ἕν’·

228 1269 304 1334 Ἐδιν
327 1267 426 1355 ὀρθοὶ
449 1281 553 1334 κῶνοι
574 1271 657 1355 πρὸς
676 1269 839 1353 ἀλλήλους
857 1272 1057 1336 διπλασίονα
1075 1274 1185 1353 λόγον

112 1391 145 1438 10
165 1380 285 1460 ἔχωσιν
316 1377 398 1462 ἤπερ
432 1376 472 1440 τδι
500 1377 556 1441 διὰ
583 1386 651 1440 τῶν
679 1374 807 1468 αξόνων
833 1381 994 1462 τρίγωνα,
1028 1379 1185 1455 ἰσοϋψεῖς

164 1486 295 1548 ἔσονται
318 1484 353 1547 οί
373 1495 484 1548 κῶνοι.

229 1590 560 1677 καταγεγούφθωσαν
601 1591 636 1653 οί
673 1600 789 1673 κῶνοι,
829 1588 885 1655 καί
923 1589 1116 1655 ὑποκείσθω
1163 1591 1184 1656 6

164 1702 303 1763 ΑΗΓΔ
337 1709 443 1773 κῶνος
474 1697 557 1783 πρὸς
589 1698 649 1762 τὸν
681 1701 814 1762 ΒΘΕΖ
846 1687 1045 1762 διπλασίονα
1077 1700 1185 1779 λόγον

166 1807 253 1888 ἔχειν
271 1806 354 1887 ἤπερ
372 1805 410 1870 τὸ
429 1810 461 1868 Α
467 1807 528 1870 ΓΔ
547 1808 711 1889 τρίγωνον
729 1805 812 1890 πρὸς
830 1805 867 1869 τὸ
886 1809 984 1870 ΒΕΖ
1002 1807 1182 1888 τρίγωνον.

115 1924 146 1971 15
167 1909 266 1993 λέγω,
289 1912 340 1976 ὅτι
363 1910 383 1994 ἡ
407 1914 484 1976 ΑΗ
504 1917 557 1993 ίση
581 1909 650 1975 ἐστὶ
672 1919 711 1995 τῇ
736 1915 809 1974 ΒΘ.

230 2020 355 2082 κείσθω
379 2027 424 2105 τῷ
444 2022 542 2082 ΒΕΖ
565 2018 715 2105 τριγώνῳ
740 2023 814 2081 ίσον
833 2019 870 2082 τὸ
887 2021 986 2081 ΚΓΔ
1003 2022 1182 2102 τρίγωνον.

164 2120 234 2187 ἐπεὶ
266 2119 328 2188 οὖν
360 2124 378 2189 6
406 2128 546 2189 ΑΗΓΛ
575 2135 682 2201 κῶνος
710 2125 793 2206 πρὸς
821 2126 879 2190 τὸν
907 2129 1040 2190 ΒΘΕΖ
1068 2136 1183 2190 κῶνον

166 2213 363 2295 διπλασίονα
391 2233 492 2312 λόγον
519 2234 584 2314 ἔχει
612 2232 694 2316 ἥπερ
722 2231 759 2294 τὸ
783 2234 882 2321 ΕΓΔ
907 2234 1072 2317 τρίγωνον
1095 2233 1182 2316 πρὸς

165 2337 202 2400 τὸ
218 2340 329 2420 ΒΕΖ,
350 2341 424 2401 ίσον
438 2332 475 2400 δὲ
489 2337 525 2400 τὸ
540 2340 639 2399 ΒΕΖ
657 2338 823 2422 τρίγωνον
840 2345 886 2424 τῷ
900 2339 1000 2401 ΚΓΔ
1013 2339 1179 2426 τριγώνῳ,

113 2456 147 2504 20
166 2442 183 2507 6
208 2444 272 2529 ἄρα
294 2447 434 2507 ΑΗΓΔ
456 2454 562 2518 κῶνος
583 2443 667 2528 πρὸς
689 2443 748 2507 τὸν
772 2446 906 2507 ΒΘΕΖ
928 2455 1037 2509 κῶνον
1061 2445 1179 2509 διπλα-

166 2552 262 2612 σίονα
295 2552 395 2633 λόγον
427 2552 493 2634 ἔχει
525 2550 606 2634 ἤπερ
639 2550 675 2614 τὸ
704 2555 736 2613 A
743 2551 803 2613 ΓΛ
835 2552 1000 2634 τρίγωνον
1029 2551 1113 2636 πρὸς
1139 2551 1178 2615 τὸ

166 2656 200 2716 K
205 2657 266 2717 ΓΔ
298 2659 476 2740 τρίγωνον,
508 2654 679 2720 τουτέστιν
710 2655 792 2741 ἤπερ
824 2655 845 2738 ἡ
878 2660 953 2720 ΑΗ
981 2657 1065 2742 πρὸς
1096 2659 1178 2740 ΗΚ,

166 2757 337 2824 τουτέστιν
368 2761 449 2846 ἤπερ
482 2760 500 2825 6
528 2764 668 2825 ΑΗΓΛ
699 2772 805 2838 κῶνος
836 2763 920 2848 πρὸς
951 2763 1011 2827 τὸν
1037 2766 1115 2827 KH
1117 2766 1179 2827 ΓΔ

166 2877 287 2931 κῶνον·
321 2865 365 2942 ὡς
393 2867 456 2951 ἄρα
484 2866 502 2931 6
530 2870 670 2931 ΑΗΓΔ
696 2869 779 2954 πρὸς
805 2869 864 2933 τὸν
891 2871 1032 2933 ΚΗΓΔ
1059 2880 1178 2951 κῶνον,

132 2973 273 3050 ῡοῦτως
304 2973 321 3038 6
354 2976 493 3039 ΚΗΓΛ
524 2975 606 3060 πρὸς
638 2975 697 3038 τὸν
729 2979 871 3040 ΒΘΕΖ.
922 2973 978 3040 καὶ
1010 2973 1079 3039 ἐπεὶ
1111 2985 1179 3039 τῶν

238 3168 401 3239 2.‚Ez]v
425 3165 628 3290 τινοιν,
703 3168 1005 3237 mmmmm
1078 3170 1176 3306 wigm-

167 3238 440 3376 vov(a'.alt)}om..p
514 3235 581 3305 ὅπερ
615 3238 659 3291 δει
669 3237 829 3317 δείξαι],
799 3256 817 3291 v
854 3254 907 3293 om.
926 3238 983 3308 Vp
1075 3245 1091 3292 8
1134 3238 1176 3310 y]

167 3325 213 3362 om
236 3308 283 3362 Vv
327 3327 399 3378 ομ
419 3309 465 3379 ξβ
480 3327 516 3362 m.
534 3324 588 3362 τεο.
602 3308 628 3360 V
646 3306 699 3361 bis.
774 3314 814 3362 14.
834 3311 969 3379 τρίγωνον
979 3309 1062 3380 (alt)]
1082 3326 1176 3378 omp.

205 3384 245 3432 16.
264 3380 413 3450 τρίγωνον]
433 3396 485 3434 om
500 3397 526 3447 p.
583 3383 624 3432 18.
643 3375 727 3446 τρίγω
706 3379 792 3466 ωνον]
812 3396 904 3450 om.p.
968 3385 1008 3433 19.
1028 3378 1176 3450 τρίγωνον]

169 3464 221 3501 om.
240 3467 267 3516 p.
328 3469 411 3519 τριγω
391 3451 452 3504 ιὀων
431 3450 464 3522 ῳ]
484 3467 536 3504 om
556 3467 582 3518 p.
656 3453 697 3502 21.
717 3445 800 3518 τρίγω
802 3451 866 3523 νον]
886 3469 938 3507 om.
957 3469 984 3520 p.
1058 3457 1100 3506 22.
1119 3453 1176 3518 τρί-

169 3536 226 3583 νιον
210 3519 374 3587 νν..ο]οωρ
429 3525 471 3574 23.
483 3520 608 3590 ΕΗΓΔ]
623 3523 746 3574 ΚΗΔΓ
755 3520 789 3575 V
841 3528 883 3578 24.
894 3523 1176 3594 κῶνον(ιιδτυτοοῑιε)]
