2592 3932
160 165 225 229 282
399 223 404 232 ,
470 167 557 218 ΠΕΡΙ
575 166 703 218 mor
720 167 856 218 ΤοΜΗΣ.

162 317 217 375 λ’σα
240 308 330 374 ἐστὶν
353 309 517 394 ἀλλήλοις,
541 310 585 386 ὡς
608 312 672 396 ἄρα
695 308 715 391 ἡ
740 312 802 373 ΓΔ
824 309 907 395 πρὸς
924 314 998 393 ΕΖ,
1023 309 1134 386 οὕτως
1159 311 1185 394 ἡ

160 422 226 482 ΒΘ
248 418 330 503 πρὸς
352 421 438 501 ΑΗ,
461 415 632 481 τουτέστιν
655 415 675 499 ἡ
699 420 776 480 ΑΗ
793 417 877 501 πρὸς
899 418 979 479 ΗΚ.
1025 414 1080 480 καὶ
1106 414 1187 481 ἐπεὶ
1290 423 1291 450 ¹

161 523 178 588 6
202 528 242 588 Η
265 525 384 600 κύκλος
411 524 493 608 πρὸς
519 525 579 588 τὸν
604 527 633 587 Θ
656 523 854 587 διπλασίονα
878 524 978 604 λόγον
1002 524 1067 606 ἔχει
1090 523 1185 608 ἥπερ

159 630 180 713 ἡ
201 633 261 695 ΓΛ
279 632 362 716 πρὸς
380 635 457 713 ΕΖ,
480 627 651 695 τουτέστιν
669 630 751 715 ἤπερ
770 627 791 711 ἡ
810 632 878 692 ΒΘ
895 629 979 714 πρὸς
997 633 1082 710 ΑΗ,
1108 631 1187 713 ἔχει

125 734 197 801 οδὲ
220 735 275 801 καὶ
298 736 318 820 ἡ
338 741 403 801 ΒΘ
425 738 508 822 πρὸς
526 740 602 800 ΚΗ
621 716 819 801 διπλασίονα
842 738 945 818 λόγον
967 737 1048 820 ἥπερ
1067 734 1086 817 ἡ
1107 740 1187 800 ΒΘ

160 845 243 930 πρὸς
266 847 350 926 ΑΗ,
379 844 423 920 ὡς
450 845 514 929 ἄρα
542 843 560 908 6
583 847 623 907 H
646 844 767 919 κύκλος
792 843 876 927 πρὸς
900 843 961 906 τὸν
987 843 1185 926 Θκύκλον,

161 951 266 1026 οὕτως
297 949 317 1033 ἡ
351 954 416 1014 ΒΘ
446 952 530 1036 πρὸς
556 954 641 1014 ΚΗ·
674 950 691 1015 6
725 951 790 1035 ἄρα
817 951 957 1012 ΚΗΓΛ
989 960 1092 1024 κῶνος
1127 960 1181 1038 τῷ

160 1061 296 1121 ΒΘΕΖ
325 1063 395 1133 ίσος
423 1055 521 1122 ἐστίν.
573 1055 641 1121 ἐπεὶ
670 1052 747 1139 οὖν,
777 1056 822 1132 ὡς
849 1056 869 1140 ἡ
899 1059 960 1119 ΓΔ
987 1056 1069 1141 πρὸς
1096 1060 1182 1142 ΕΖ,

161 1163 266 1238 οὕτως
297 1162 317 1246 ἡ
345 1167 422 1226 ΑΗ
448 1165 533 1249 πρὸς
559 1166 647 1246 ΗΚ,
679 1163 724 1239 ῶς
755 1159 792 1226 δὲ
823 1161 843 1245 ἡ
872 1166 950 1227 AH
977 1164 1061 1248 πρὸς
1086 1167 1180 1247 ΗΚ,

108 1282 141 1331 10
161 1270 266 1345 οὕτως
293 1269 310 1334 6
340 1273 478 1334 AHFA
505 1281 612 1345 κῶνος
638 1270 721 1355 πρὸς
749 1270 807 1334 τὸν
835 1272 989 1352 ΚΗΔΓ,
1022 1268 1178 1335 τουτέστι

160 1377 243 1461 πρὸς
273 1376 333 1440 τὸν
360 1380 494 1440 ΒΘΕΖ
521 1388 645 1459 κῶνον,
678 1377 722 1452 ὡς
754 1377 818 1461 ἄρα
845 1374 865 1458 ἡ
895 1379 956 1440 ΓΛ
984 1377 1067 1461 πρὸς
1094 1381 1181 1460 ΕΖ,

161 1483 267 1558 οὕτως
289 1482 307 1547 6
327 1485 467 1546 ΑΗΓΔ
489 1493 596 1560 κῶνος
613 1483 697 1568 πρὸς
714 1484 773 1547 τὸν
792 1486 928 1546 ΒΘΕΖ
946 1493 1066 1547 κῶνον.
1103 1482 1179 1548 ἀλλ’

160 1590 178 1655 6
206 1594 246 1654 Η
272 1591 393 1667 κύκλος
423 1591 507 1675 πρὸς
538 1591 597 1655 τὸν
628 1594 656 1654 Θ
687 1590 811 1653 κύκλον
844 1590 1043 1654 διπλασίονα
1071 1591 1180 1671 λόγον

161 1700 226 1781 ἔχει
249 1698 331 1783 ἤπερ
355 1696 375 1780 ἡ
396 1699 457 1761 ΓΔ
479 1698 562 1782 πρὸς
584 1698 645 1779 τὴν
664 1701 741 1760 ΕΖ·
765 1695 783 1760 6
807 1697 871 1782 ἄρα
890 1699 929 1760 Η
947 1697 1068 1772 κύκλος
1090 1698 1181 1782 πρὸς

110 1813 143 1861 15
162 1805 221 1869 τὸν
247 1808 276 1868 Θ
298 1805 431 1887 κύκλον,
456 1802 626 1868 τουτέστιν
649 1803 669 1887 ἡ
692 1801 788 1886 βάσις
812 1811 871 1867 τοῦ
897 1805 1039 1867 ΑΗΓΔ
1061 1805 1180 1869 κώνου

159 1911 242 1995 πρὸς
265 1911 326 1993 τὴν
349 1908 448 1992 βύσιν
471 1918 531 1973 τοῦ
550 1913 683 1974 ΒΘΕΖ
706 1911 828 1992 κώνου,
852 1910 1049 1974 διπλασίονα
1073 1912 1181 1992 λόγον

161 2019 225 2100 ἔχει
253 2017 335 2102 ἤπερ
363 2016 381 2081 6
405 2019 544 2080 ΑΗΓΔ
571 2026 677 2091 κῶνος
704 2017 787 2101 πρὸς
809 2016 868 2080 τὸν
891 2020 920 2079 Β
929 2020 1025 2080 ΘΕΖ
1048 2028 1180 2082 κῶνον·

161 2123 240 2209 ὅπερ
264 2123 330 2187 ἔδει
354 2121 467 2201 δείξαι.

635 2227 695 2312 ξδ’·

111 2364 145 2412 20
232 2356 277 2420 Οί
299 2356 448 2431 ἰσοϋψεῖς
470 2363 572 2417 κῶνοι
595 2351 695 2438 ὀρθοὶ
719 2353 918 2418 διπλασίονα
941 2357 1041 2436 λόγον
1061 2358 1179 2440 έχουσι

160 2463 243 2547 πρὸς
266 2461 429 2543 ἀλλήλους
451 2461 533 2545 ἥπερ
557 2460 597 2523 τὰ
621 2461 677 2523 διὰ
700 2471 767 2524 τῶν
790 2457 918 2536 ἀξόνων
941 2465 1096 2547 τρίγωνα.

227 2568 558 2653 καταγεγράφθωσαν
581 2567 616 2630 oc
635 2577 748 2649 κῶνοι,
771 2563 826 2630 καὶ
849 2568 931 2631 έστω
956 2567 973 2632 6
993 2571 1071 2631 ΑΗ
1085 2566 1177 2645 ἄξων

161 2682 205 2759 τῷ
234 2676 299 2736 ΒΘ
327 2679 405 2748 ίσος.
452 2670 550 2755 λέγω,
579 2672 629 2737 ὅτι
657 2672 842 2737 δΑΗΓΔ
869 2684 976 2750 κῶνος
1002 2675 1086 2754 πρὸς
1113 2676 1176 2740 τὸν

161 2782 190 2841 Β
198 2782 294 2842 ΘΕΖ
321 2789 430 2841 κῶνον
458 2779 657 2843 διπλασίονα
686 2781 787 2862 λόγον
815 2781 881 2862 ἔχει
903 2781 987 2865 ἥπερ
1011 2781 1048 2845 τὸ
1072 2784 1175 2845 ΑΓΔ

107 2895 141 2943 οι
160 2884 243 2969 πρὸς
265 2884 302 2948 τὸ
326 2888 432 2947 ΒΕΖ.

232 3029 256 3079 1.
282 3023 356 3078 ἐστὶν
374 3023 517 3096 ἀλλήλους]
541 3022 668 3090 ἀλλήλοις
692 3022 765 3080 ἐστίν
787 3043 813 3093 p.
905 3031 929 3078 2.
954 3025 1029 3097 HK]
1053 3026 1081 3076 Η
1103 3028 1173 3080 extr.

160 3095 209 3149 lin.
228 3113 253 3150 v.
331 3102 356 3149 4.
377 3094 516 3167 ΕΖ]τὴν
536 3098 635 3164 EZp.
710 3095 765 3166 ἔχει
784 3127 818 3136 -
837 3101 861 3151 6.
880 3097 951 3167 ΑΗ]
972 3113 1025 3151 om.
1045 3115 1072 3166 p.
1147 3103 1173 3151 5.

160 3166 436 3307 Κῶπαι,
479 3166 578 3292 νι
592 3165 677 3308 κα
696 3165 751 3306 κ
768 3185 822 3292 ι,
862 3173 885 3222 ⁷·
906 3169 982 3292 ιιι
1001 3168 1052 3293 ν

160 3307 240 3430 ’σο
257 3326 361 3448 αι]
496 3280 687 3449 Πύλα
704 3259 826 3448 σία
839 3256 932 3433 ἵνα
950 3259 1172 3452 Ριίζίσιζῑ

162 3447 251 3514 suppl.
270 3448 301 3501 in
319 3449 371 3502 lac.
391 3467 427 3503 m.
446 3465 499 3503 ree.
519 3467 544 3503 v.
629 3454 669 3504 18.
695 3448 762 3519 ὅπερ
784 3449 840 3505 ἔδει
859 3451 960 3522 δεῖξαι]
984 3471 1014 3520 v,
1039 3468 1092 3506 om.
1113 3452 1170 3520 Vp.

197 3522 238 3570 19.
258 3518 316 3587 ξβ’]
336 3535 389 3572 om.
404 3519 459 3586 Vv,
479 3519 505 3583 ξ’
521 3537 548 3586 p,
575 3518 621 3582 ξιί
637 3537 673 3575 m.
692 3537 745 3576 rec.
761 3521 795 3576 V.
869 3528 910 3576 22.
929 3523 1123 3594 AH]ecorr.
1143 3541 1171 3592 p.
