2592 3932
426 187 476 237 nn
495 187 671 238 suerrous
691 187 785 239 coru.
1045 183 1109 248 231

102 329 171 393 erit
203 333 270 394 HA
284 333 525 403 :AB>HM
533 333 642 412 :MB,
678 329 740 394 hoc
777 333 827 392 est
864 327 972 412 [Eucl.
997 328 1058 415 VI,
1078 332 1112 416 73

101 433 165 520 VI,
182 436 214 520 4]
235 447 268 510 >
283 440 370 502 BA:
385 439 463 501 HK.
511 457 609 518 quare
634 436 681 500 sic
704 457 831 520 quoque
854 434 1036 520 triangulus
1060 457 1112 502 ae·

100 543 287 625 quicturius
310 566 368 627 per
386 547 457 608 HA
480 543 596 608 ductus
619 542 723 606 maior
746 546 795 606 cet
818 541 980 627 triangulo
1004 545 1113 627 aequi-

103 650 210 714 cmrio
232 672 290 734 per
313 671 406 714 axem
429 650 527 715 ducto
549 648 655 733 [prop.
674 649 705 728 13
728 647 819 713 Eucl.
837 647 867 733 1,
885 648 951 732 41].

172 756 219 820 sin
247 760 318 820 ΗΘ
349 756 439 821 radio
470 756 574 820 maior
603 759 666 839 est,
695 755 819 819 inserts
846 755 889 819 sit
919 759 991 819 ΘΝ
1020 755 1111 820 radio

101 863 254 947 aequalis,
277 864 476 947 duceturque
496 867 575 946 NA,
599 861 689 926 etin
712 861 832 926 circulo
855 881 967 926 rursus
992 863 1032 926 ad
1052 865 1112 925 ΓΛ

100 970 373 1054 perpendicularis
406 975 445 1035 N
446 970 481 1044 Ξ.
540 968 694 1055 quoniam
728 967 830 1054 igitur
866 972 1008 1044 [ΝΘΒ
1045 989 1112 1032 non

101 1077 206 1141 maior
237 1081 287 1142 est
317 1076 436 1162 angulo
466 1079 578 1159 ΘΑΒ,
611 1075 673 1138 erit
700 1078 1110 1146 ΝΘεΘΒ<ΝΛεΑΒ

101 1182 206 1267 [prop.
220 1179 418 1266 XXXVIII}
450 1203 563 1246 uerum
581 1185 620 1245 N
623 1185 672 1244 c:
690 1184 751 1244 ΘΒ
767 1184 885 1245 =BA
899 1204 906 1244 τ
921 1183 960 1246 N
961 1179 991 1254 ‚a
1003 1179 1110 1264 [Eucl.

100 1286 161 1371 VI,
181 1291 214 1368 ῖς
241 1287 301 1371 VI,
320 1287 369 1372 4];
395 1287 506 1370 itaque
535 1290 621 1352 BA:
637 1284 751 1358 NE<
766 1291 858 1351 NA:
877 1291 951 1351 AB.
1000 1287 1111 1369 itaque

101 1396 284 1480 triangulus
317 1393 537 1479 aequicrurius
573 1414 631 1476 per
662 1396 739 1456 AN
770 1393 884 1456 ductus
921 1394 1025 1458 maior
1061 1398 1111 1458 est

102 1499 266 1587 triangulo
290 1500 492 1583 aequicrurio
515 1521 573 1582 per
596 1520 689 1562 axem
712 1498 824 1576 ductc;
846 1499 1028 1583 triangulus
1051 1499 1112 1585 igi-

102 1610 156 1670 tur
183 1606 403 1690 aequicrurius
433 1628 491 1689 per
519 1626 611 1669 axem
638 1604 753 1668 ductus
781 1605 941 1669 maximus
968 1625 1034 1668 non
1061 1609 1112 1668 est

103 1713 256 1797 omnium,
280 1733 360 1795 quos
384 1711 533 1796 diximus,
556 1709 838 1794 aequicruriorum.
880 1709 1113 1774 demonstraui-

102 1841 173 1884 mus
197 1823 306 1883 sutem
325 1817 430 1902 [prop.
449 1815 615 1901 XXXVH,
636 1838 677 1879 ne
700 1816 870 1880 minimum
889 1814 1018 1899 quidem
1037 1837 1112 1879 eum

102 1945 185 2011 esse3
203 1946 281 2010 ergo
300 1946 403 2007 neque
423 1922 583 1988 maximus
602 1927 652 1986 est
671 1922 815 1986 omnium
830 1944 935 2006 neque
949 1922 1111 1988 minimus.

557 2116 655 2183 XLV.

167 2242 353 2330 [triangulis
375 2264 433 2326 per
456 2263 549 2306 axem
572 2241 714 2306 cuiusuis
735 2241 808 2306 ccni
827 2242 947 2307 scaleni
964 2241 1113 2327 potentia

102 2350 237 2415 infinitis
265 2354 371 2414 rectae
399 2371 418 2413 a
445 2348 567 2412 uertice
596 2348 669 2412 coni
692 2349 732 2412 ad
755 2349 849 2413 bases
872 2348 1111 2433 triangulorum

102 2456 380 2543 perpendiculares
408 2456 523 2520 ductae
554 2472 665 2518 omnes
691 2453 726 2517 in
754 2454 912 2518 ambitum
935 2453 1030 2518 unius
1054 2454 1113 2518 cir·

104 2565 167 2630 culi
190 2565 318 2648 cadunt,
342 2562 396 2646 qui
419 2563 454 2626 in
476 2563 588 2627 eodem
610 2561 708 2646 plano
726 2561 814 2626 basis
838 2559 912 2626 coni
930 2560 1111 2645 descriptus

104 2676 152 2735 est
179 2675 212 2734 et
240 2670 360 2734 circum
387 2669 580 2733 diametrum
607 2672 729 2732 rectam
755 2667 791 2731 in
816 2668 914 2753 plano
942 2668 999 2732 illo
1026 2668 1113 2732 inter

104 2780 249 2842 centrum
269 2775 357 2840 basis
380 2779 564 2858 rectamque
588 2797 607 2838 a
629 2775 750 2840 uertice
770 2774 810 2839 ad
827 2773 961 2859 planum
979 2797 1113 2859 perpen-

104 2883 275 2948 dicularem
298 2879 466 2946 abscisam.

169 2988 212 3052 sit
242 3009 341 3053 conus
370 2985 530 3069 scalenus,
558 2984 649 3049 cuius
676 2989 788 3049 uertex
815 2984 859 3049 sit
886 2990 1043 3070 punctum
1071 2991 1112 3069 A,

108 3095 189 3162 basis
213 3099 320 3159 autem
344 3093 483 3158 circulus
507 3075 629 3156 circum
648 3095 676 3155 Β
701 3095 847 3156 centrum
865 3090 1056 3175 descriptus,
1079 3096 1112 3155 et

107 3203 172 3268 axis
195 3205 260 3266 AB
266 3252 276 3286 ‚
302 3200 342 3264 ab
366 3206 398 3265 A
426 3203 536 3263 sutem
563 3197 603 3260 sd
629 3197 763 3280 planum
790 3195 878 3262 basis
905 3197 1113 3282 perpendicu-

107 3309 179 3374 laris
202 3314 234 3372 A
241 3311 280 3391 F,
308 3307 506 3388 duceturque
531 3305 603 3386 ΓΒ,
632 3308 664 3368 et
691 3303 732 3368 ad
756 3306 816 3367 ΓΒ
839 3302 1112 3387 perpendicularis

108 3465 204 3534 Hafley
222 3481 285 3517 cum
305 3462 408 3518 Comm.
499 3466 541 3515 27.
566 3460 614 3533 τό]
633 3479 665 3530 p,
689 3477 741 3514 om.
761 3459 814 3513 Vc.
906 3465 948 3514 29.
969 3460 1039 3531 AB]
1058 3460 1112 3530 Vc,

111 3541 187 3592 ABE
204 3555 232 3606 p,
251 3541 276 3590 A
285 3538 309 3588 E
326 3533 438 3602 Harey,
457 3535 497 3589 bd
515 3531 618 3587 Comm.
