2592 3932
221 197 286 260 288
538 197 625 247 ΠΕΡΙ
643 195 771 247 Κοαον
789 196 925 248 Τοααε.

220 341 326 416 οὕτως
348 339 368 423 ἡ
392 344 458 404 ΒΘ
481 340 596 404 εὐθεῖα
619 339 702 425 πρὸς
724 340 785 422 τὴν
809 343 895 421 AH,
921 344 974 422 ἴση
997 335 1034 402 δὲ
1057 337 1078 421 ἡ
1100 341 1173 403 AH
1190 347 1223 421 τῇ

222 450 300 531 ΘΚ,
322 447 366 523 ὡς
385 449 449 533 ἄρα
467 445 484 512 6
505 449 581 509 AH
583 447 644 510 M
661 456 767 522 κῶνος
785 446 868 532 πρὸς
886 447 945 511 τὸν
963 450 1107 528 ΒΘΕΖ,
1127 445 1223 521 οὕτως

220 552 239 636 ἡ
259 557 324 618 ΒΘ
343 554 458 618 εὐθεῖα
476 554 559 639 πρὸς
578 554 639 636 τὴν
655 555 732 635 ΘΚ,
751 551 923 616 τουτέστιν
941 552 958 617 6
973 557 1107 617 ΒΘΕΖ
1126 563 1223 629 κῶνος

219 661 302 746 πρὸς
333 661 392 725 τὸν
420 664 568 724 ΚΘΕΖ·
602 659 619 724 6
652 661 716 745 ἄρα
744 656 891 746 ΑΗᾸΓΔ
923 669 1030 735 κῶνος
1061 661 1143 745 πρὸς
1173 661 1223 724 τὸν

184 770 356 830 οΚΘΕΖ
384 767 582 831 διπλασίονα
610 769 710 848 λόγον
737 768 803 849 ἔχει
830 766 912 851 ἥπερ
942 765 959 830 6
989 771 1123 831 ΒΘΕΖ
1149 768 1223 852 πρὸς

219 874 278 938 τὸν
310 876 446 937 ΚΘΕΖ
482 883 600 937 κῶνον.
656 870 728 937 ἀλλ’
759 872 805 948 ῶς
840 872 857 937 6
890 876 1026 937 ΒΘΕΖ
1058 874 1140 959 πρὸς
1170 875 1221 937 τὸν

219 983 368 1064 ΚΘΕΖ,
396 979 502 1056 οὕτως
528 980 565 1043 τὸ
589 983 688 1045 ΒΕΖ
715 982 880 1065 τρίγωνον
903 981 987 1066 πρὸς
1009 981 1047 1045 τὸ
1071 983 1180 1044 ΚΕΖ·
1206 980 1220 1044 6

219 1088 282 1171 ἄρα
306 1092 337 1150 A
344 1090 444 1150 HM
471 1086 554 1171 πρὸς
577 1087 635 1150 τὸν
658 1089 693 1149 K
698 1090 794 1150 ΘΕΖ
818 1087 1018 1152 διπλασίονα
1041 1089 1142 1169 λόγον
1164 1090 1221 1170 ἔχει

218 1194 300 1277 ἤπερ
333 1194 370 1256 τὸ
399 1197 497 1256 ΒΕΖ
527 1195 693 1278 τρίγωνον
719 1194 802 1279 πρὸς
829 1193 866 1258 τὸ
894 1196 1004 1257 ΚΕΖ.
1055 1197 1121 1278 ἔχει
1148 1191 1182 1258 δὲ
1206 1193 1221 1258 6

167 1312 200 1360 10
220 1302 358 1363 AHM
402 1310 508 1376 κῶνος
553 1300 635 1384 πρὸς
679 1300 739 1364 τὸν
779 1303 915 1364 ΚΘΕΖ
959 1302 1082 1384 ἰσοϋψῆ
1123 1313 1220 1366 κῶνον

220 1406 417 1470 διπλασίονα
445 1408 546 1488 λόγον
571 1403 708 1470 καὶτοῦ
732 1404 772 1470 ὃν
795 1409 860 1490 ἔχει
883 1407 920 1470 τὸ
945 1410 1043 1471 AM
1067 1411 1219 1490 τρίγωνον

218 1513 301 1598 πρὸς
321 1513 358 1578 τὸ
377 1515 492 1596 ΚΕΖ,
516 1512 560 1589 ὡς
579 1511 712 1596 ἐδείχθη
732 1511 768 1577 ἐν
786 1523 831 1600 τῷ
850 1514 914 1599 πρὸ
933 1510 1007 1589 ἑνὸς
1024 1516 1219 1600 θεωρήματι·

219 1619 264 1695 ῶς
290 1621 354 1705 ἄρα
381 1620 418 1684 τὸ
442 1623 539 1683 ΒΕΖ
567 1621 732 1705 τρίγωνον
754 1621 837 1705 πρὸς
859 1620 896 1684 τὸ
920 1623 1035 1703 ΚΕΖ,
1064 1621 1167 1696 οὕτως
1188 1621 1219 1684 τὸ

218 1730 317 1791 AM
336 1730 499 1813 τρίγωνον
517 1726 600 1812 πρὸς
617 1727 654 1790 τὸ
670 1729 738 1790 ΚΕ
743 1731 778 1790 Ζ.
816 1727 852 1791 τὸ
872 1728 936 1812 ἄρα
950 1730 1049 1791 AM
1065 1731 1223 1813 τρίγωνον

166 1844 199 1892 15
218 1842 263 1920 τῷ
287 1837 385 1898 ΒΕΖ
408 1838 482 1898 ἴσον
506 1832 609 1897 ἐστίν·
633 1831 650 1896 6
674 1831 843 1916 προέκειτο
867 1831 978 1910 δεῖξαι.

697 2008 751 2088 ξε’.

284 2122 352 2189 Καὶ
380 2124 437 2189 ε’διν
462 2126 502 2190 τδι
526 2126 582 2190 διδι
605 2134 664 2190 τοῦ
688 2123 805 2202 ἄξονος
828 2129 973 2212 τρίγωνα
998 2131 1052 2190 λ’σα
1076 2126 1226 2210 ἀλλήλοις

217 2225 253 2317 ᾖ,
277 2230 560 2297 ἀντιπεπόνθασιν
583 2233 618 2296 ολ
638 2243 740 2296 κῶνοι
763 2243 832 2307 τοῖς
856 2230 977 2309 ἄξοσιν.

283 2337 474 2404 ὑποκείσθω
516 2339 579 2424 γδρ
621 2339 658 2403 τὸ
699 2341 798 2402 AM
839 2341 1003 2424 τρίγωνον
1043 2348 1089 2426 τῶ
1131 2344 1224 2404 ΒΕΖ

164 2465 198 2514 20
217 2446 367 2533 τριγώνῳ
392 2451 466 2510 ίσον
489 2440 583 2510 εἶναι.
629 2445 728 2528 λέγω,
757 2445 821 2530 ὅτι,
849 2445 894 2521 ὡς
917 2443 934 2510 6
958 2449 1099 2510 AHM
1122 2458 1224 2523 κῶνος

217 2551 300 2636 πρὸς
327 2553 386 2617 τὸν
409 2556 557 2638 ΒΘΕΖ,
585 2552 690 2627 οὕτως
718 2551 735 2616 6
759 2556 826 2616 ΒΘ
850 2549 938 2629 ἄξων
960 2552 1043 2637 πρὸς
1065 2553 1125 2617 τὸν
1146 2559 1179 2617 A
1187 2557 1223 2618 H.

285 2654 338 2721 ἐπὶ
371 2659 433 2742 γὰρ
467 2667 524 2742 τῆς
557 2658 659 2742 αὐτῆς
690 2667 903 2744 καταγραφῆς
934 2656 988 2722 καὶ
1016 2669 1223 2743 κατασκευῆς,
1256 2667 1257 2749 λ

218 2759 286 2826 ἐπεὶ
310 2763 347 2826 τὸ
370 2766 469 2828 AM
492 2769 655 2851 τρίγωνον
678 2774 723 2853 τῷ
747 2768 846 2830 ΒΕΖ
869 2771 943 2830 ίσον
967 2763 1071 2849 ἐστίν,
1095 2766 1140 2842 ὡς
1162 2765 1222 2853 ἄρα

289 2917 312 2965 ὅ.
333 2912 465 2983 ΚΘΕΖ]
485 2914 602 2967 mm
620 2922 712 2968 κῶνον
730 2912 763 2967 V.
837 2911 1016 2986 διπλασίονα]
1034 2931 1062 2982 p,
1089 2929 1176 2983 comp.
1194 2913 1220 2980 V,

216 2985 248 3036 ut
265 2982 345 3051 solet,
365 2981 512 3038 διπλάσιον
526 3002 552 3037 v.
608 2990 632 3039 6.
652 2985 756 3056 κῶνον]
776 3001 829 3040 om.
844 3003 870 3054 p.
927 2986 1093 3056 136EZ]v‚
1115 2987 1221 3040 ΒΘΕΖ

217 3063 307 3116 κῶνος
324 3054 381 3124 Vp.
456 3060 479 3109 7.
499 3056 632 3126 ΚΘΕΖ]
652 3057 767 3111 ΚΕΘΖ
786 3065 878 3111 κῶνον
896 3055 930 3111 V.
1010 3061 1034 3110 8.
1054 3056 1180 3127 AHM]
1199 3073 1219 3122 v,

215 3130 327 3180 AHM
345 3135 434 3188 κῶνος
452 3125 508 3194 Vp.
570 3125 630 3198 τόν]
653 3126 706 3195 ΕΡ,
725 3135 774 3214 ροῦ
793 3145 818 3180 v.
893 3133 934 3182 10.
954 3126 1035 3210 πρός]
1054 3127 1112 3197 Vp,
1132 3145 1183 3182 om.
1199 3144 1218 3180 v.

252 3194 430 3336 6566
444 3197 596 3339 pp.
616 3202 740 3337 ολῗίί
755 3201 839 3322 Βλί.
856 3196 913 3340 ΞΕ]
927 3198 985 3325 λθ.
1001 3204 1217 3340 Viam
1254 3233 1255 3273 ¹

215 3357 251 3392 m.
275 3355 329 3393 rec.
353 3339 386 3394 V.
487 3345 528 3392 20.
557 3341 680 3413 τριγώνῳ
703 3371 739 3378 -
763 3345 804 3395 23.
830 3341 927 3413 BEZ]
956 3340 1000 3394 bis
1024 3360 1055 3411 p,
1084 3341 1134 3395 sed
1157 3356 1216 3394 corr.

252 3414 293 3463 20.
309 3407 363 3480 ὅτι]
377 3427 403 3477 v,
423 3407 466 3463 ὅτι
480 3407 554 3464 ἐστίν
568 3410 624 3479 Vp.
681 3417 722 3467 21.
743 3413 868 3494 ΒΘΕΖ]
883 3431 909 3480 v,
929 3415 1043 3468 ΒΘΕΖ
1057 3421 1149 3468 κῶνον
1168 3411 1215 3480 ΕΡ.

252 3484 293 3533 23.
314 3481 410 3570 ΒΕΖ]
429 3479 489 3549 ΕΡ,
519 3484 544 3534 Ε
567 3481 681 3535 sustulit
699 3482 883 3538 resarcinatlo
902 3482 932 3536 in
949 3502 975 3539 v.
1052 3485 1088 3546 ὡς
1107 3483 1173 3556 ἄρα]
1195 3499 1215 3548 v,

218 3545 289 3602 ἔστιν
309 3548 363 3616 ἀρα
382 3571 419 3612 ως
437 3551 492 3618 ΕΡ,
