2574 3934
170 178 213 242 22
297 227 299 233 ,
435 181 523 230 ΠΕΡΙ
540 179 754 230 ΚΊἌΙΝΔΡΟΤ
772 179 910 232 ΤΟΜΗΣ.

169 332 201 391 Α
207 330 248 389 Β·
272 322 327 388 καὶ
350 325 390 388 τά
409 321 454 387 δι’
475 323 586 388 αὐτῶν
604 325 668 408 ἄρα
687 322 832 388 ἐτίτιεδα.
859 321 880 405 ἡ
899 326 933 387 Κ
938 327 1001 387 ΖΛ
1015 325 1079 409 ἄρα
1096 324 1176 406 τομη

168 431 376 518 παράλληλός
399 430 467 495 ἐστι
490 441 529 516 τῇ
552 429 657 513 βάσει·
690 431 810 506 κύκλος
832 431 897 515 ίίρα
920 427 1011 494 ἐστὶν
1033 429 1054 513 η
1077 432 1177 494 ΚΖΛ

168 541 260 623 τομή.
310 537 482 623 διάμετρος
514 534 551 601 δὲ
582 545 642 602 τοῦ
668 538 792 624 κύκλου
820 536 840 618 ἡ
868 540 936 601 ΚΛ
962 535 1017 601 καὶ
1045 546 1084 622 τῇ
1112 539 1178 600 ΚΛ
1253 575 1254 582 1

169 647 252 731 πρὸς
279 644 385 730 οροος
411 643 431 726 η
462 648 537 708 ιο·
580 649 653 708 κον
680 645 744 729 ιρι
769 645 806 708 τὸ
830 643 894 708 οπο
918 655 986 708 τοι
1009 647 1090 727 Κο,
1115 648 1176 708 οΛ

134 761 214 838 οτῷ
238 749 302 816 άτιὸ
325 761 383 834 της
408 755 479 815 ΘΖ.
516 749 599 815 άλλολ
622 759 667 838 τῷ
690 750 755 815 ὑπὸ
778 761 845 815 τῶν
868 754 949 834 ΚΘ,
970 755 1036 815 ΘΛ
1058 752 1095 816 τὸ
1113 751 1175 815 ὑτὸ
1255 789 1256 884 ρ

169 869 236 923 τῶν
259 863 338 939 ΕΘ,
360 861 432 922 ΘΗ
451 863 525 922 ίσον
549 856 650 922 ἐστίν·
685 863 738 940 ίση
761 859 824 943 γάρ
843 855 942 942 η’μὲν
960 861 1027 922 ΕΘ
1044 867 1084 942 τῇ
1105 861 1176 938 ΘΚ,
1255 885 1256 894 ¹

169 964 189 1048 η
222 961 258 1028 δὲ
290 968 361 1028 ΗΘ
388 974 427 1049 τῇ
458 968 522 1028 ΘΛ
554 964 610 1027 διά
642 965 679 1028 τὸ
711 965 769 1040 τὰς
797 966 880 1050 ττρὸς
907 976 978 1041 ταῖς
1005 968 1085 1047 ΕΚ,
1109 967 1177 1028 ΛΗ

169 1072 283 1154 βάσεσι
311 1073 434 1152 γωνίας
457 1077 529 1148 ίσας
552 1065 650 1136 εἶναι·
682 1069 736 1135 καὶ
759 1081 805 1158 τῷ
827 1071 893 1136 ὑπὸ
916 1082 984 1136 τῶν
1006 1075 1085 1154 ΕΘ,
1111 1073 1178 1134 ΘΗ

170 1179 233 1259 άρα
257 1178 293 1241 τὸ
317 1175 380 1240 άτὸ
405 1186 461 1260 τῆς
481 1181 544 1241 ΖΘ
562 1183 636 1242 ίσον
659 1176 736 1242 ἐστί.
772 1182 831 1242 καί
851 1176 942 1242 ἐστιν
964 1177 1051 1262 ὀρθη
1075 1176 1094 1260 η
1115 1180 1176 1240 ΖΘ

119 1295 150 1344 10
171 1282 303 1366 ἐνάτην
321 1287 398 1347 ΕΗ.
429 1283 550 1367 ὁμοίως
568 1281 604 1348 δὲ
622 1283 685 1348 κάν
704 1287 807 1367 άλλην
825 1283 950 1369 άνάγης
968 1283 1178 1369 παράλληλον

169 1399 209 1474 τῇ
232 1394 296 1453 ΖΘ
314 1388 366 1454 ἐντὶ
384 1392 445 1474 τὴν
463 1394 546 1472 ΕΗ,
567 1397 640 1455 ίσον
659 1391 835 1473 δυνήσεται
854 1399 899 1478 τῷ
917 1389 983 1454 ύτιὸ
1002 1401 1068 1455 τῶν
1086 1412 1177 1472 νενο-

170 1495 279 1580 μένων
304 1498 480 1581 τμημάτων
502 1507 560 1581 τῆς
578 1501 660 1562 ΕΗ·
689 1499 810 1574 κύκλος
832 1498 896 1582 άρα
920 1495 1009 1561 ἐστὶν
1032 1496 1052 1579 η
1076 1499 1180 1560 ΕΖΗ

169 1605 262 1686 τομή,
285 1600 325 1669 οὗ
349 1605 521 1691 διάμετρος
543 1604 562 1688 η
586 1608 696 1680 ΕΘΗ
714 1605 836 1670 εὐθεῖα.

99 1951 104 1962 »
117 1934 150 1983 15
235 1919 408 2000 Δοθὲντος
422 1924 602 2010 κυλίνδρου
620 1927 755 2009 σημείου
770 1925 860 2000 τινὸς

169 2027 223 2094 ἐντὶ
250 2038 308 2111 τῆς
335 2028 528 2112 ἐπιφανείας
552 2030 687 2112 ἀγαγεῖν
713 2031 773 2094 ’διά
800 2039 859 2094 τοῦ

170 2138 306 2219 σημείου
329 2136 476 2220 πλευρὰν
498 2145 557 2200 τοῦ
580 2139 771 2223 κυλίνδρου.

236 2245 318 2307 ἔστω
337 2242 524 2327 κύλινδρος,
547 2239 588 2308 οὗ
610 2244 723 2326 βάσεις
745 2241 805 2326 μὲν
828 2244 862 2307 οί

170 2354 211 2432 Α,
231 2354 259 2413 Β
280 2351 407 2432 κύκλοι,
431 2347 519 2427 άξων
541 2345 578 2414 δὲ
601 2350 621 2433 η
644 2354 710 2414 AB
734 2349 859 2430 εὐθεῖα,

117 2467 151 2515 20
170 2458 207 2521 τὸ
244 2453 280 2521 δὲ
313 2451 417 2521 δοθὲν
450 2468 586 2539 σημεῖον
618 2452 670 2521 ἐπὶ
702 2465 760 2539 τῆς
792 2454 860 2519 ἐντι-

169 2565 308 2645 φανείας
325 2564 362 2627 τὸ
383 2567 419 2644 Γ,
441 2560 497 2627 καὶ
520 2561 598 2627 δίον
620 2565 701 2627 ἔστω
725 2562 782 2626 διδ
800 2570 860 2626 τοῦ

171 2671 203 2731 Γ
221 2667 357 2750 άηανεῑν
379 2678 439 2733 τοῦ
462 2670 643 2754 κυλίνδρου
666 2669 822 2754 τιλευράν.

154 2873 157 2880 Ι
236 2775 329 2856 ἤχθω
354 2773 496 2839 ἀπὸτοῦ
516 2779 548 2839 Γ
565 2778 702 2858 σημείου
720 2775 860 2850 κάθετος
925 2788 943 2899 ρ

170 2877 224 2945 ἐπὶ
242 2881 303 2963 τὴν
321 2881 528 2964 ΑΒηΓΔ,
550 2880 605 2946 καλ
629 2882 685 2946 διά
701 2893 768 2946 τῶν
784 2885 860 2965 AB,
921 2912 943 2959 0

243 3117 266 3166 1.
286 3115 370 3166 ΚΖΛ
400 3130 428 3180 p,
448 3113 502 3165 KZ
515 3109 569 3164 Vc.
627 3115 652 3163 2.
672 3109 816 3172 -ύςίττιτ
847 3107 938 3182 βάσει]
957 3109 1176 3180 inras.m.lp.

207 3181 549 3255 τ.ιῷ(ι1ι.)νρ,ιιι.
624 3186 647 3234 τ.
668 3184 808 3248 καλλι
842 3184 908 3248 ΕΗ,
923 3185 977 3235 αλ
995 3197 1021 3250 p.
1085 3187 1166 3237 κισ

171 3253 202 3307 τό
221 3269 247 3322 p.
335 3259 358 3309 9.
377 3252 421 3325 τό]
439 3257 477 3324 τῷ
495 3271 521 3321 p.
598 3251 814 3323 ΖΘ(α1λ,)]το,
840 3268 907 3306 corr.
928 3267 961 3305 ex
982 3254 1036 3308 ΘΖ
1054 3260 1177 3321 m.l‚

174 3326 271 3393 ΘΖρ.
346 3330 387 3378 12.
408 3325 481 3394 EH]
501 3322 603 3392 Halley
621 3339 684 3376 eum
703 3323 815 3392 Gom,
835 3326 893 3378 ΕΚ
908 3323 956 3391 Vp
970 3327 1031 3393 (ολ).
1094 3321 1178 3394 ἐστίν]

173 3410 225 3448 om.
237 3411 259 3448 ο.
316 3401 357 3450 15.
376 3396 450 3448 Ante
465 3392 578 3464 σημείου
592 3394 644 3448 ins.
659 3389 707 3448 καί
721 3399 783 3447 m.2
799 3394 859 3449 cod.
870 3393 956 3447 Paris.
966 3399 1045 3464 2367,
1065 3394 1177 3462 Com,

172 3464 282 3532 Halley.
339 3471 378 3521 10.
398 3466 460 3537 ΑΒ]
479 3482 554 3534 vop,
574 3469 595 3517 B
613 3480 703 3533 paene
719 3467 798 3519 enan.
809 3464 842 3532 V,
862 3470 897 3533 „†
911 3464 928 3534 η
943 3470 992 3518 ΑΒ
1012 3465 1096 3518 sicin
1111 3482 1177 3536 apo·

172 3534 298 3606 grapho‘*
315 3553 370 3606 mg.
390 3555 425 3591 m.
445 3552 498 3594 rec.
518 3536 551 3589 V.
624 3540 666 3587 21.
688 3536 729 3605 Γ]
749 3551 821 3604 vop,
840 3537 964 3589 renouat.
983 3554 1018 3590 m.
1038 3552 1091 3591 rec.
1112 3537 1144 3592 V.
