2504 3928
392 181 442 232 nn
461 181 637 234 SEGTIONE
656 181 750 234 coru.
1014 178 1077 242 153

82 324 192 388 uertice
214 325 253 388 ad
276 325 410 408 planum
432 324 520 389 basis
542 323 579 387 in
600 328 633 387 E
654 324 762 408 cadat,
785 324 983 409 duceturque
1007 328 1080 410 BE,

83 435 112 494 el
127 432 316 515 produoalur
333 431 468 514 planum
485 429 643 516 lrianguli
657 433 760 495 ABE
780 431 816 494 in
834 450 916 494 oono
936 431 1078 496 efficiens

81 537 268 624 triangulum
290 540 397 602 ΑΓΛ.
435 537 516 623 dico,
540 539 636 601 ΑΓΔ
659 537 699 601 ad
722 537 827 602 basim
850 537 924 602 coni
946 559 1079 621 perpen-

82 644 244 710 dicularem
267 665 346 708 esse.

140 753 290 836 quoniam
317 750 404 815 eninr
430 755 499 815 ΑΕ
530 751 571 814 ad
597 749 730 834 planum
757 749 845 814 basis
873 750 1080 834 perpendicu-

80 857 149 922 laris
171 863 228 944 esl,
251 857 351 922 eliam
370 856 479 920 omnia
496 856 594 940 plana
614 878 670 940 per
684 861 752 920 AE
774 857 870 921 duola
889 856 929 920 ad
946 856 1080 941 planum

80 964 161 1028 basis
181 963 459 1049 perpendicularia
482 967 558 1026 sunt
582 961 688 1046 [Eucl.
707 962 763 1048 XI,
784 962 855 1048 18]3
882 984 959 1048 ergo
983 962 1082 1027 eliam

80 1070 254 1157 triangulus
274 1076 306 1135 A
313 1074 373 1136 ΓΛ
396 1070 436 1134 ad
458 1069 592 1153 planum
615 1069 704 1134 basis
726 1069 1000 1154 perpendicularis
1019 1074 1083 1154 θεῖς

81 1179 161 1260 quod
184 1178 357 1262 oporlebal
379 1176 459 1241 fieri.

538 1279 624 1346 XVI.

144 1389 178 1456 Si
201 1412 302 1456 conus
326 1389 473 1455 scalenus
500 1411 558 1474 per
581 1411 674 1453 axem
697 1391 794 1473 plano
819 1395 946 1456 secatur
969 1392 1009 1455 ad
1031 1392 1085 1456 ba-

82 1496 137 1561 sim
163 1496 435 1582 perpendiculari,
466 1496 648 1581 triangulus
677 1497 809 1561 effectus
837 1497 984 1563 scalenus
1013 1498 1083 1582 crib,

83 1603 164 1669 cuius
182 1605 269 1670 latus
289 1604 393 1669 maius
412 1603 554 1668 maxima
572 1603 635 1667 eril
654 1604 798 1668 omnium
811 1607 982 1687 rectarum,
1002 1626 1082 1687 quae

685 1733 704 1774 a
717 1708 839 1774 uertice
855 1710 927 1775 coni
942 1710 983 1774 ad
997 1710 1085 1774 amb-

683 1818 767 1882 itum
798 1816 886 1882 basis
915 1817 1084 1900 ducuntur,

683 1925 791 1990 minus
806 1929 914 1988 aulem
930 1924 1017 1989 lalus
1027 1923 1085 1988 mi-

683 2033 772 2096 nima
809 2032 954 2096 omnium
986 2036 1085 2096 recla-

684 2163 757 2203 rum
816 2139 929 2204 eodem
988 2139 1083 2203 modo

684 2247 869 2331 ductarum,
906 2250 1085 2312 ceterarum

685 2358 794 2417 aulem
827 2357 988 2416 rectarum
1018 2373 1086 2414 ma-

683 2459 745 2522 iori
764 2457 898 2543 propior
911 2456 1085 2521 remotiore

684 2565 789 2629 maior
812 2567 870 2629 est.

748 2673 791 2738 sil
811 2694 910 2737 conus
930 2673 1085 2755 scalonae,

686 2781 776 2844 cuius
814 2784 925 2845 uertex
965 2779 1009 2844 sil
1045 2785 1085 2862 A,

684 2887 773 2951 basis
806 2891 915 2950 aulem
947 2885 1086 2950 circulus

686 2996 793 3077 ΓΕΔ,
809 2993 877 3056 axis
893 2997 1001 3056 aulem
1011 2998 1043 3056 A
1049 2994 1086 3074 B,

685 3104 719 3164 el
764 3121 845 3164 cono
891 3121 949 3183 per
994 3120 1086 3162 axem

13 3221 14 3224 ¹
88 3207 166 3270 seclo
195 3208 234 3272 ad
262 3207 419 3271 circulum
443 3209 541 3271 ΓΕΔ
568 3205 877 3291 perpendiculariter
903 3203 1085 3289 triangulus

90 3307 208 3378 effeetus
233 3313 276 3378 sil
299 3319 331 3378 A
337 3316 411 3398 ΓΛ,
435 3318 468 3378 el
492 3313 560 3378 axis
585 3313 625 3378 ad
644 3319 677 3377 A
700 3334 813 3377 uersus
835 3310 1010 3377 inclinatus
1035 3309 1086 3374 sil.

93 3419 233 3494 quoniam
249 3419 352 3506 igitur
369 3420 404 3483 in
424 3441 504 3485 cono
525 3419 651 3484 scaleno
672 3423 737 3483 AB
762 3420 802 3483 ad
821 3417 975 3482 circulum
996 3419 1091 3481 ΓΔΕ

91 3527 350 3606 perpendicularis
364 3548 431 3591 non
445 3531 504 3610 est,
521 3527 565 3591 sit
579 3526 619 3590 ad
634 3548 706 3590 eum
721 3522 993 3610 perpendicularis
1008 3527 1040 3586 A
1047 3526 1088 3607 &3
