2574 3934
396 193 446 243 nu
465 191 641 243 morrona
661 191 840 244 crunnum.
1077 161 1125 253 '25

109 357 242 421 secans3
269 316 370 400 sectio
398 335 500 420 igitur
526 357 584 419 per
609 336 641 398 Γ
662 333 772 398 ueniet
797 339 982 418 rectamque
1005 334 1124 399 efficiet

108 441 217 527 [prop.
237 441 284 524 II]
309 445 345 505 ut
371 443 447 525 ΓΕ,
471 462 552 524 quae
576 441 662 506 lalus
687 444 737 504 cst
760 440 906 524 cylindri.

574 633 662 699 Vlll.

182 758 217 824 Si
239 759 274 823 in
297 759 467 844 superficie
492 759 629 842 cylindri
648 760 711 824 duo
730 763 853 844 puncta
872 764 1044 825 sumuntur
1062 783 1128 825 non

107 868 146 931 in
165 886 232 930 uno
250 865 352 930 latere
370 865 480 950 posita
497 865 793 951 parallelogrammi
811 889 869 952 per
883 890 975 932 axem
990 867 1126 953 cylindri
1181 933 1185 942 ,

107 972 228 1058 positi,
250 976 339 1037 recta
363 972 460 1036 ducta
483 971 570 1036 intra
594 972 795 1056 superficiem
820 974 956 1058 cylindri
980 975 1080 1040 cadel.

548 1079 591 1143 sit
615 1079 791 1163 cylindrus,
820 1081 911 1146 cuius
938 1081 1032 1146 bases
1061 1081 1127 1146 sint

395 1224 404 1237 ι
481 1185 594 1250 circuli
608 1191 650 1269 A,
664 1189 703 1269 Β,
722 1192 953 1272 sumanturquc
967 1188 1002 1252 in
1016 1210 1128 1272 super-

480 1292 553 1356 ficie
577 1292 645 1356 cius
669 1293 732 1356 duo
755 1297 876 1377 puncta
895 1298 931 1378 Γ,
949 1296 984 1359 Δ
1004 1316 1071 1359 uon
1092 1295 1128 1358 iu

481 1420 546 1462 uno
569 1398 670 1463 latere
698 1394 805 1481 posila
832 1399 1127 1486 parallelogrammi

481 1527 538 1588 per
553 1527 645 1568 axem
660 1504 796 1589 cylindri
811 1505 919 1589 positi,
941 1511 974 1570 et
993 1507 1127 1572 ducatur

384 1664 398 1691 1
482 1615 570 1675 recta
594 1613 668 1675 ΓΔ.
715 1609 801 1695 dico,
825 1613 890 1675 ΓΔ
911 1611 998 1676 intra
1021 1635 1129 1697 super-

481 1717 587 1782 ficiem
610 1717 731 1781 cadere.

548 1845 637 1910 nam,
674 1823 702 1887 si
737 1821 807 1886 fieri
843 1827 965 1910 potest,
1001 1829 1057 1888 aul
1093 1825 1129 1889 in

483 1930 649 2015 superficie
669 1930 764 1994 cadat
787 1933 843 1994 aut
862 1933 952 1994 extra
975 1951 1054 1995 cam.
1097 1935 1130 1995 el

482 2036 635 2120 quoniam
666 2040 788 2120 puncta
815 2040 852 2120 Γ,
877 2042 910 2100 Δ
945 2036 980 2101 in
1016 2038 1129 2102 eodem

481 2143 581 2207 latere
601 2142 737 2227 cylindri
755 2164 822 2206 uon
840 2147 925 2226 sunt,
947 2165 1005 2227 per
1024 2146 1056 2208 Γ
1074 2145 1129 2209 du-

482 2254 573 2314 catur
605 2249 691 2313 lalus
724 2251 835 2332 ΕΓΖ,
866 2271 923 2333 per
954 2255 987 2313 Δ
1020 2255 1128 2316 autem

482 2353 1127 2440 HAcl[prop.VH],ducanturquercctae

117 2467 199 2547 ΕΗ,
217 2467 293 2542 ΖΘ;
316 2466 395 2546 ΕΗ,
407 2467 471 2527 ΖΘ
487 2461 590 2548 igilur
603 2462 690 2525 intra
705 2460 842 2525 circulos
857 2461 983 2525 cadunt.
1014 2462 1080 2526 iam
1093 2463 1129 2527 in

118 2573 184 2636 ΓΔ
197 2574 353 2654 punctum
369 2569 499 2652 aliquod
514 2572 661 2633 sumatur
676 2571 710 2632 K
713 2595 721 2646 ;
741 2571 775 2631 K
786 2567 888 2652 igitur
902 2572 959 2632 aul
971 2567 1007 2630 in
1021 2591 1129 2652 super-

118 2676 192 2741 ficie
212 2675 349 2761 cylindri
367 2680 417 2740 est
436 2679 492 2740 aut
511 2679 602 2739 extra
624 2695 703 2740 eam.
733 2674 823 2758 prius
842 2673 877 2737 in
896 2674 1063 2758 superficie
1078 2675 1130 2759 sil,

118 2788 152 2847 el
165 2805 223 2866 per
237 2785 272 2846 K
285 2782 370 2847 lalus
386 2781 522 2867 cylindri
537 2781 672 2846 ducatur
687 2783 803 2845 ΔΚΜ
816 2784 905 2844 recta
925 2780 1029 2866 [prop.
1039 2781 1129 2866 Vm,

118 2913 200 2975 quac
232 2889 390 2974 producta
421 2889 456 2952 in
488 2909 581 2952 arcus
613 2890 696 2970 ΕΗ,
731 2891 794 2951 ΖΘ
826 2887 925 2950 cadet.
980 2893 1128 2953 neutram

119 2997 221 3083 igilur
238 2999 401 3061 rectarum
419 2997 503 3077 ΕΗ,
523 2998 587 3058 ΖΘ
607 2992 742 3077 secabit3
760 2991 870 3076 itaque
886 2997 966 3057 AM
978 2994 1014 3058 in
1031 2994 1128 3078 plano

121 3106 227 3167 ΖΕΗ
230 3107 259 3167 Θ
280 3122 347 3164 uon
370 3105 427 3164 cst.
473 3104 506 3163 el
529 3099 564 3162 in
587 3120 625 3164 ea
646 3098 790 3183 positum
814 3103 864 3162 est
886 3101 932 3177 K;
956 3098 1066 3185 itaque
1089 3121 1128 3164 ne

122 3349 190 3386 corr.
210 3349 236 3399 p.
292 3333 334 3383 20.
357 3329 421 3400 ΖΘ]
443 3330 497 3383 ΖΘ
517 3329 628 3383 εὐθεῖαι
645 3345 695 3406 ρ..
731 3330 773 3407 31.
793 3325 841 3398 δή]
860 3324 892 3381 δέ
909 3344 935 3395 p.
992 3331 1034 3381 24.
1054 3328 1128 3466 Md

121 3406 180 3458 HE
197 3419 224 3471 p.
315 3405 358 3454 ab.
382 3396 533 3468 οὐδετέραν
552 3397 620 3469 ἄρα]
644 3414 754 3466 sonpsl,
781 3395 932 3464 οὐδετέραν
951 3397 1008 3466 Vc,
1037 3396 1092 3464 ἄρα

120 3473 333 3599 ᾓξῐῖοεῐῗθὲῖιῗι
346 3467 488 3597 Ιούἕεμίαν
505 3488 532 3539 p.
590 3469 680 3540 τεμεῖ]
700 3465 775 3536 τέμει
788 3467 846 3536 Vc,
866 3465 959 3535 τέμνει
970 3485 997 3535 p.
1054 3469 1128 3538 ΕΗ]
