2504 3928
177 145 240 208 168
486 146 573 196 ΠΕΡΙ
591 144 720 197 Κοίνου
739 145 874 197 ΤοΜΗΣ.

177 296 230 372 ἴση
255 284 338 354 οὖσα
361 297 400 373 τῇ
419 294 452 352 Δ
458 293 486 352 Ζ
509 288 653 353 ἑλίττων
677 285 745 353 ἐστὶ
768 296 826 372 τῆς
845 289 917 351 ΓΑ·
941 285 1042 372 ὁίίρα
1060 285 1176 372 κέντρῳ

176 405 222 482 τῷ
242 398 279 479 Γ,
303 396 498 478 διαστήματι
521 391 558 459 δὲ
581 404 626 482 τῷ
646 398 714 459 ΓΣ
733 395 942 480 γραφόμενος
959 393 1079 470 κύκλος
1098 403 1180 476 τεμεῖ
1225 334 1226 420 λ

176 503 237 585 τὴν
260 503 333 565 ΑΓ.
378 499 519 585 τεμνέτω
542 501 684 566 κατὰτὸ
712 506 751 564 Τ·
783 498 852 584 ἥξει
875 501 939 586 ἄρα
967 499 1023 563 διὰ
1045 508 1101 583 τῆς
1124 501 1182 562 ΡΤ
1226 512 1227 524 ’

177 610 394 697 περιφερείας.
430 605 607 693 τέμνουσιν
625 609 690 693 ἄρα
708 606 872 689 ἀλλήλους
889 602 945 670 καὶ
964 607 999 670 οί
1013 609 1048 670 Κ
1051 610 1091 690 Λ,
1108 607 1182 670 ΜΝ

142 716 301 780 ὁκύκλοι.
1227 692 1228 770 λ

652 836 717 903 mr·
1228 870 1229 928 ρ

242 963 318 1029 Ἐὰν
346 964 408 1028 δύο
436 966 581 1050 τρίγωνα
609 962 804 1047 ἀνισοσκελῆ
833 963 890 1040 τίς
913 988 947 1029 τε
975 963 1086 1047 βάσεις
1115 967 1180 1033 ίσας

179 1073 246 1156 ἔχῃ,
270 1073 326 1156 ἔχῃ
350 1067 387 1135 δὲ
409 1067 464 1134 καὶ
486 1071 545 1146 τὰς
568 1070 631 1135 ιἰττὸ
650 1079 707 1153 τῆς
729 1079 880 1154 κορυφῆς
903 1068 956 1135 ἐπὶ
977 1070 1039 1153 τὴν
1062 1069 1179 1151 ὃιχοτο-
1229 1050 1230 1106 λ

179 1180 260 1262 μίαν
282 1185 340 1259 τῆς
361 1176 489 1259 βάσεως
510 1175 653 1260 ἠγμένας
676 1177 809 1253 εὐθείας
832 1182 915 1260 ίσας,
938 1185 998 1240 τοῦ
1018 1175 1181 1247 ἐλάττονος

128 1296 161 1345 10
180 1282 201 1366 ἡ
219 1286 338 1367 μείζων
354 1283 481 1368 πλευρὰ
499 1283 583 1363 πρὸς
600 1284 661 1365 τὴν
680 1283 837 1347 ἐλάττονα
856 1285 987 1367 μείζονα
1006 1285 1106 1364 λόγον
1124 1284 1181 1364 ἔχει
1230 1228 1231 1318 λ

180 1390 262 1475 ἥπερ
282 1389 301 1473 ἡ
320 1398 380 1454 τοῦ
399 1392 546 1473 μείζονος
563 1392 681 1472 μείζων
699 1390 825 1475 πλευρὰ
843 1391 926 1476 ττρὸς
944 1391 1005 1472 τὴν
1024 1389 1180 1454 ἐλάττονα.
1231 1408 1232 1480 ρ

248 1499 329 1561 ἔσται
353 1499 498 1581 τρίγωνα
520 1496 561 1560 τὰ
583 1498 692 1577 ΑΒΓ,
715 1498 822 1559 ΕΖΗ
843 1501 915 1572 ίσας
938 1498 1055 1579 ἔχοντα
1076 1494 1133 1571 τοίς
1152 1514 1182 1556 τε

180 1610 213 1669 Α
219 1607 256 1688 Γ,
279 1607 353 1668 ΕΗ
379 1603 492 1686 βάσεις
523 1603 599 1685 δίχα
626 1600 824 1686 τετμημένας
850 1603 933 1666 κατὰ
960 1603 1000 1666 τὰ
1024 1608 1057 1666 Α
1083 1600 1182 1666 nal&
1232 1586 1233 1676 λ

183 1722 314 1796 σημεῖα,
339 1716 407 1775 ίσαι
431 1706 468 1773 δὲ
491 1711 638 1774 ἔστωσαν
660 1707 715 1773 καὶ
739 1711 776 1774 αί
795 1713 878 1792 ΒΛ,
898 1713 976 1792 ΖΘ,
1003 1707 1059 1774 καὶ
1082 1711 1181 1794 μεῖζον

130 1829 163 1877 15
182 1819 219 1882 τὸ
238 1820 346 1881 ΕΖΗ
360 1818 534 1902 τρίγωνον,
558 1817 639 1880 ἔστω
660 1811 696 1880 δὲ
715 1815 735 1898 ἡ
754 1812 815 1899 μὲν
828 1819 893 1879 ΑΒ
913 1825 971 1899 τῆς
984 1818 1053 1881 ΒΓ
1066 1818 1183 1901 μείζων,

182 1925 202 2008 ἡ
227 1919 263 1988 δὲ
282 1927 345 1986 ΕΖ
368 1931 425 2007 τῆς
445 1925 521 1986 ΖΗ.
559 1919 653 2005 λέγω,
676 1921 727 1986 ὅτι
749 1921 853 2005 ἡΑΒ
877 1923 960 2008 ττρὸς
978 1926 1047 1986 ΒΓ
1063 1925 1183 2007 μείζονα

184 2032 285 2112 λόγον
308 2032 373 2112 ἔχει
396 2030 477 2115 ἥπερ
501 2028 521 2112 ἡ
545 2032 609 2092 ΕΖ
630 2029 713 2114 πρὸς
737 2032 814 2093 ΖΗ.

250 2138 281 2200 εί
302 2136 365 2222 γὰρ
389 2137 443 2219 μή,
465 2135 539 2217 ἤτοι
561 2135 621 2199 τὸν
644 2134 747 2199 αὐτὸν
770 2132 790 2217 ἢ
814 2133 980 2200 ἐλιίττονα.

251 2245 332 2308 ἔστω
352 2237 414 2307 οὖν
432 2244 603 2327 πρότερον,
623 2243 654 2305 εί
671 2241 825 2324 δυνατόν,
845 2242 890 2318 ὡς
903 2240 923 2323 ἡ
938 2247 970 2306 Α
975 2246 1004 2306 Β
1022 2243 1106 2328 πρὸς
1121 2239 1183 2318 ΒΓ,

131 2361 166 2409 20
185 2350 291 2426 οὕτως
313 2348 333 2431 ἡ
357 2353 421 2412 ΕΖ
443 2348 527 2433 πρὸς
550 2351 626 2411 ΖΗ.
664 2348 709 2423 ὡς
731 2350 795 2434 ἄρα
818 2348 855 2413 τὸ
879 2348 942 2413 ιἰττὸ
960 2353 1029 2413 AB
1052 2349 1133 2432 πρὸς
1152 2344 1183 2408 τὸ

185 2456 248 2522 ἀπὸ
271 2459 349 2538 ΒΓ,
382 2455 487 2531 οὕτως
513 2455 550 2519 τὸ
579 2453 643 2518 ἀπὸ
670 2458 734 2517 ΕΖ
761 2455 844 2540 ττρὸς
870 2456 908 2519 τὸ
936 2454 1000 2519 ἀπὸ
1025 2458 1106 2519 ΖΗ·
1135 2448 1182 2516 καὶ

185 2560 346 2627 συνθέντι
371 2563 434 2647 ἄρα
461 2558 517 2625 καὶ
541 2558 694 2644 ἐναλλάξ,
727 2560 772 2637 ὡς
794 2564 1048 2647 συναμφότερον
1070 2562 1107 2626 τὸ
1129 2557 1182 2624 ἀτὸ

185 2673 217 2731 Α
224 2673 268 2751 Β,
287 2670 355 2732 ΒΓ
374 2669 456 2752 πρὸς
479 2669 732 2753 συναμφότερον
754 2669 791 2732 τὸ
816 2649 884 2732 ἀντί
902 2672 980 2751 ΕΖ,
1001 2672 1083 2752 ΖΗ,
1107 2666 1182 2731 οὕτω

186 2775 222 2838 τὸ
247 2773 310 2837 ἆτιὸ
330 2777 358 2837 Β
365 2776 397 2837 Γ
414 2773 496 2859 πρὸς
519 2774 556 2837 τὸ
581 2772 644 2837 ἀπὸ
666 2777 741 2837 ΖΗ.
779 2773 861 2838 ἀλλὰ
884 2778 1134 2860 συναμφότερον
1152 2771 1182 2834 τὸ

259 3008 281 3055 1.
302 2999 433 3073 ἐλάττων]
451 3018 482 3070 p,
511 2999 622 3090 ἔλαττον
643 3002 696 3091 Vc:
784 3009 810 3056 4.
834 2999 898 3074 καί]
922 3019 975 3056 om.
994 3020 1021 3072 p.
1110 3005 1132 3053 ὁ.
1154 2997 1184 3059 νζ

186 3087 374 3217 ἴλλρῗλῗθζ.
388 3072 421 3127 V·
466 3077 507 3198 λ’.
522 3073 685 3214 λῖίίιίῖβ
699 3090 767 3199 εωί·
787 3091 823 3127 m'
841 3073 1022 3216 2⁰32}AEss
1039 3073 1180 3207 {⁰223}

224 3222 264 3270 15.
283 3212 431 3285 τρίγωνον]
450 3211 586 3283 τρίγωνον
604 3223 653 3269 τοῦ
672 3220 757 3270 ΑΒΓ
770 3233 796 3285 p.
878 3221 919 3270 16.
940 3217 1008 3288 ΒΓ]
1027 3215 1078 3285 τὴν
1097 3215 1146 3268 ΒΓ
1158 3227 1180 3278 p.

224 3293 265 3342 17.
287 3288 358 3357 ΖΗ]
377 3285 429 3354 τὴν
451 3289 508 3338 ΖΗ
523 3302 550 3354 p.
634 3291 675 3339 18.
695 3285 840 3360 ἐλάττονα]
860 3285 994 3342 ἐλάττονα
1014 3285 1068 3352 ἕξει
1085 3282 1181 3348 Hnlley.

224 3364 265 3411 20.
286 3355 383 3480 οὔταςὲ
402 3372 455 3410 om.
474 3374 501 3424 p.
579 3361 621 3410 21.
642 3355 739 3428 οὕτως]
758 3374 811 3412 om.
831 3377 857 3428 p.
938 3363 979 3411 22.
999 3358 1048 3412 καλ
1066 3351 1180 3418 ἐναλλάξ]

189 3444 241 3481 om.
261 3445 287 3495 p.
385 3425 433 3496 τό]
452 3427 509 3481 ἀπὸ
527 3433 576 3496 τῆς
593 3445 619 3495 p.
701 3435 743 3482 23.
763 3428 844 3502 πρός]
863 3429 932 3496 πρὸς
949 3428 981 3483 τὸ
1000 3429 1058 3483 ἀπὸ
1076 3435 1122 3496 τῆς
1138 3423 1184 3478 ΒΓ

189 3495 260 3550 οὕτω
277 3515 305 3565 p.
364 3491 432 3566 ἀπό]
452 3497 508 3551 ἀπὸ
526 3505 575 3566 τῆς
592 3515 619 3565 p.
682 3497 765 3571 οὕτω]
783 3500 854 3568 πρὸς
871 3500 902 3554 τὸ
921 3500 977 3554 ἀπὸ
997 3508 1046 3569 τῆς
1066 3501 1126 3565 ΖΗ,
1141 3491 1181 3548 καὶ
