2574 3934
397 160 447 210 DE
466 158 643 212 SECTIONE
662 158 841 212 GYLINDRI.
1103 156 1124 219 5

109 306 258 387 oportet,
295 302 351 366 sed
388 302 695 386 comprehendentes
731 301 831 366 etiarn
863 301 1030 384 obliquum
1064 299 1126 366 dis-

111 407 325 491 quisitionem
360 408 460 472 latius
497 407 675 473 extendere.
729 430 805 472 nam
837 408 998 472 neminem
1030 407 1125 474 facile

111 514 331 580 admissurum
354 536 435 599 esse,
456 535 523 580 non
546 535 675 595 omnem
698 514 880 599 cylindrum
903 518 1027 579 rectum
1046 537 1125 599 esee,

110 621 247 685 notione
285 619 401 712 [Euat.
421 620 469 686 XI
501 621 562 684 def.
594 620 651 704 21]
693 619 755 685 hoc
792 643 902 685 secum
939 621 1126 706 adducente,

111 728 263 812 equidem
295 731 381 793 certe
413 749 479 792 non
508 727 638 813 ignoro;
670 749 784 792 uerum
811 727 976 791 enimuero
1004 728 1125 812 disqui-

112 835 244 900 sitionis
277 856 375 899 causa
407 832 522 898 melius
555 855 625 898 esse
653 838 733 918 puto
762 834 949 899 definitione
976 834 1025 899 uti
1052 834 1124 898 uni-

112 940 303 1024 uersaliore,
341 940 494 1024 quoniam
531 945 620 1005 recto
658 962 696 1005 eo
729 945 879 1006 manente
912 941 1051 1025 eueniet,
1088 946 1125 1006 ut

113 1048 214 1113 etiam
247 1047 347 1113 sectio
380 1046 486 1131 ellipsi
517 1048 598 1112 recti
627 1048 700 1112 coni
729 1047 790 1112 soli
817 1048 1025 1133 respondeat,
1056 1048 1126 1111 uni·

115 1154 290 1220 uersaliore
313 1175 391 1219 uero
415 1155 586 1240 supposita
609 1154 806 1240 definitione,
828 1160 865 1220 ut
888 1159 921 1219 et
943 1155 1016 1239 ipsa
1037 1154 1125 1218 omni

113 1261 224 1348 ellipsi
237 1260 439 1345 respondeat,
458 1261 544 1344 quod
560 1260 690 1344 quidem
703 1261 811 1346 ipsum
824 1265 863 1325 ut
876 1263 1127 1346 demonstretur,

112 1367 190 1434 huic
213 1367 298 1432 libro
317 1371 367 1431 est
384 1366 598 1451 propositum.
634 1367 885 1454 adgrediendum
902 1368 1015 1454 igitur,
1038 1369 1125 1453 quod

114 1472 321 1559 propositum
344 1477 407 1559 est,
429 1473 481 1538 his
504 1473 659 1538 definitis:

183 1611 211 1671 1.
259 1607 286 1671 si
339 1606 545 1671 manentibus
592 1606 718 1671 duobus
764 1606 891 1672 circulis
937 1606 1126 1690 aequalibus

113 1712 342 1800 parallelisque
388 1712 537 1777 diametri
580 1734 707 1796 semper
747 1712 920 1796 parallelae
962 1717 994 1777 et
1035 1712 1125 1796 ipsae

113 1820 330 1885 circumactae
371 1819 407 1884 in
446 1819 552 1904 planis
592 1819 785 1885 circulorum
821 1819 943 1884 circum
980 1823 1127 1884 centrum

113 1946 250 1990 manens
278 1930 311 1990 et
340 1926 596 2012 circumagentes
625 1929 747 1990 rectam
769 1927 926 1991 terminos
950 1947 1062 1991 eorum
1086 1924 1127 1989 ad

112 2031 244 2097 easdem
276 2036 386 2116 partes
414 2055 527 2098 uersus
556 2032 806 2118 coniungentem
833 2055 944 2098 rursus
973 2034 1013 2098 ad
1039 2033 1126 2096 idem

111 2142 272 2223 punctum
308 2140 538 2221 restituuntur,
576 2139 760 2224 superficies
793 2140 955 2225 descripta
986 2163 1006 2204 a
1037 2144 1126 2204 recta
1180 2211 1184 2220 ‚

112 2245 313 2310 circumacta
337 2244 571 2327 superficies
591 2244 806 2332 cylindrica
824 2251 969 2332 uocetur,
991 2246 1126 2330 quaein

110 2351 280 2416 infinitum
316 2351 450 2436 produci
486 2331 596 2435 potest
632 2357 720 2416 recta
754 2374 824 2417 eam
858 2352 1058 2417 describente
1091 2352 1127 2417 in

110 2449 279 2522 infinitum
301 2458 467 2541 producta.

107 2636 110 2644 ·
183 2591 212 2654 2.
232 2590 429 2676 cylindrus
453 2596 561 2656 autem
584 2593 690 2678 figura
709 2592 940 2676 comprehensa
958 2613 977 2656 a
996 2591 1125 2657 circulis

112 2696 279 2782 parallelis
305 2702 338 2762 et
361 2698 529 2781 superficie
553 2698 728 2782 cylindrioa
750 2698 835 2764 inter
858 2721 913 2765 eos
936 2699 1126 2784 intercepta,

113 2804 229 2868 bases
258 2807 368 2868 autem
396 2804 532 2889 cylindri
560 2806 671 2872 circuli
698 2805 761 2889 illi,
791 2805 872 2871 axis
900 2810 1009 2871 autem
1036 2810 1125 2871 recta

111 2931 172 2992 per
200 2913 311 2975 centra
338 2931 450 2976 eorum
478 2912 586 2995 ducta,
614 2912 717 2976 latus
748 2917 857 2977 autem
881 2913 1017 2997 cylindri
1039 2913 1125 2976 linea

112 3016 274 3099 quaedam
310 3021 412 3099 recta,
449 3039 530 3100 quae
566 3018 602 3081 in
639 3018 807 3104 superficie
845 3019 981 3103 cylindri
1017 3019 1126 3103 posita

113 3313 179 3384 περί
196 3315 291 3384 Vvop
335 3329 356 3357 ·=·
377 3333 461 3387 supra
479 3317 543 3372 add.
562 3336 599 3371 m.
618 3333 672 3373 rec.
692 3317 725 3385 V,
754 3316 799 3370 oui
818 3317 898 3387 signo
916 3333 991 3370 nuno
1009 3315 1124 3410 quidem

112 3386 143 3438 in
162 3403 217 3456 mg.
237 3360 310 3440 nihil
328 3388 485 3456 respondet.
560 3395 600 3442 12.
621 3387 773 3458 μενόντων]
794 3387 904 3457 scripsi,
929 3385 980 3455 μὲν
999 3408 1051 3442 ονν
1069 3397 1125 3442 τῶν

113 3457 170 3526 Vc,
189 3467 245 3512 τῶν
263 3475 289 3527 p.
364 3464 404 3513 13.
425 3457 520 3530 αὐταί]
540 3455 623 3514 αὗται
641 3460 674 3514 V.
749 3464 790 3513 19.
809 3458 879 3528 ἥτις]
901 3456 984 3520 εἴτις
1003 3475 1025 3512 o.
1081 3463 1123 3512 21.

113 3527 183 3582 Post
202 3537 292 3599 σχῆμα
311 3528 364 3583 del.
384 3529 414 3584 τὸ
434 3548 511 3598 neore
530 3547 552 3585 c.
627 3535 668 3584 23.
688 3527 794 3600 βάσεις]
813 3547 844 3596 p,
869 3525 948 3597 βάσις
967 3529 1019 3584 Vc.
