<?xml version="1.0" encoding="UTF-8"?>
<!DOCTYPE html PUBLIC "-//W3C//DTD XHTML 1.0 Transitional//EN"
    "http://www.w3.org/TR/xhtml1/DTD/xhtml1-transitional.dtd">
<html xmlns="http://www.w3.org/1999/xhtml" xml:lang="en" lang="en">
 <head>
  <title>
</title>
<meta http-equiv="Content-Type" content="text/html;charset=utf-8" />
  <meta name='ocr-system' content='tesseract 3.04.00' />
  <meta name='ocr-capabilities' content='ocr_page ocr_carea ocr_par ocr_line ocrx_word'/>
</head>
<body>
  <div class='ocr_page' id='page_1' title='image "./sereniantinoens00heibgoog_0062.png"; bbox 0 0 2574 3934; ppageno 0'>
   <div class='ocr_carea' id='block_1_1' title="bbox 386 185 1112 250">
    <p class='ocr_par' dir='ltr' id='par_1_1' title="bbox 386 185 1112 250">
     <span class='ocr_line' id='line_1_1' title="bbox 386 185 1112 250; baseline 0.004 -15"><span class='ocrx_word' id='word_1_1' title='bbox 386 187 435 235; x_wconf 86' lang='lat' dir='ltr'>DE</span> <span class='ocrx_word' id='word_1_2' title='bbox 455 185 632 238; x_wconf 82' lang='lat' dir='ltr'>SECTIONE</span> <span class='ocrx_word' id='word_1_3' title='bbox 651 187 828 238; x_wconf 84' lang='lat' dir='ltr'>CYLINDRI.</span> <span class='ocrx_word' id='word_1_4' title='bbox 1070 185 1112 250; x_wconf 77' lang='grc'>37</span> 
     </span>
    </p>
   </div>
   <div class='ocr_carea' id='block_1_2' title="bbox 92 329 1115 1163">
    <p class='ocr_par' dir='ltr' id='par_1_2' title="bbox 93 329 1115 520">
     <span class='ocr_line' id='line_1_2' title="bbox 93 329 1115 415; baseline 0.004 -24"><span class='ocrx_word' id='word_1_5' title='bbox 93 349 191 412; x_wconf 86' lang='lat' dir='ltr'>quae</span> <span class='ocrx_word' id='word_1_6' title='bbox 207 329 240 391; x_wconf 93' lang='lat' dir='ltr'>in</span> <span class='ocrx_word' id='word_1_7' title='bbox 256 329 353 412; x_wconf 93' lang='lat' dir='ltr'>plano</span> <span class='ocrx_word' id='word_1_8' title='bbox 370 332 434 392; x_wconf 90' lang='grc' dir='ltr'>ΓΔ</span> <span class='ocrx_word' id='word_1_9' title='bbox 452 329 561 413; x_wconf 89' lang='lat' dir='ltr'>posita</span> <span class='ocrx_word' id='word_1_10' title='bbox 580 332 638 392; x_wconf 86' lang='lat' dir='ltr'>est.</span> <span class='ocrx_word' id='word_1_11' title='bbox 675 350 752 414; x_wconf 89' lang='lat' dir='ltr'>ergo</span> <span class='ocrx_word' id='word_1_12' title='bbox 769 334 831 393; x_wconf 89' lang='grc' dir='ltr'>ΕΖ</span> <span class='ocrx_word' id='word_1_13' title='bbox 847 329 935 395; x_wconf 90' lang='lat' dir='ltr'>intra</span> <span class='ocrx_word' id='word_1_14' title='bbox 948 331 1115 415; x_wconf 89' lang='lat' dir='ltr'>parallelo-</span> 
     </span>
     <span class='ocr_line' id='line_1_3' title="bbox 95 435 496 520; baseline 0.005 -22"><span class='ocrx_word' id='word_1_15' title='bbox 95 455 286 520; x_wconf 85' lang='lat' dir='ltr'>grammum</span> <span class='ocrx_word' id='word_1_16' title='bbox 312 439 377 499; x_wconf 84' lang='grc' dir='ltr'>ΓΔ</span> <span class='ocrx_word' id='word_1_17' title='bbox 400 435 496 500; x_wconf 88' lang='lat' dir='ltr'>cadit.</span> 
     </span>
    </p>

    <p class='ocr_par' dir='ltr' id='par_1_3' title="bbox 92 541 1115 1163">
     <span class='ocr_line' id='line_1_4' title="bbox 174 541 1114 628; baseline 0.003 -22"><span class='ocrx_word' id='word_1_18' title='bbox 174 542 378 607; x_wconf 85' lang='lat' dir='ltr'>manifestum</span> <span class='ocrx_word' id='word_1_19' title='bbox 410 547 519 607; x_wconf 87' lang='lat' dir='ltr'>autem</span> <span class='ocrx_word' id='word_1_20' title='bbox 551 541 664 628; x_wconf 91' lang='lat' dir='ltr'>etiam,</span> <span class='ocrx_word' id='word_1_21' title='bbox 696 543 724 606; x_wconf 91' lang='lat' dir='ltr'>si</span> <span class='ocrx_word' id='word_1_22' title='bbox 757 543 798 607; x_wconf 90' lang='lat' dir='ltr'>ad</span> <span class='ocrx_word' id='word_1_23' title='bbox 823 544 960 608; x_wconf 89' lang='lat' dir='ltr'>alteram</span> <span class='ocrx_word' id='word_1_24' title='bbox 987 547 1114 626; x_wconf 89' lang='lat' dir='ltr'>partem</span> 
     </span>
     <span class='ocr_line' id='line_1_5' title="bbox 93 649 1115 735; baseline 0.002 -23"><span class='ocrx_word' id='word_1_25' title='bbox 93 651 300 733; x_wconf 77' lang='lat' dir='ltr'>producatur</span> <span class='ocrx_word' id='word_1_26' title='bbox 325 649 365 713; x_wconf 91' lang='lat' dir='ltr'>ad</span> <span class='ocrx_word' id='word_1_27' title='bbox 388 653 441 734; x_wconf 92' lang='lat' dir='ltr'>M,</span> <span class='ocrx_word' id='word_1_28' title='bbox 470 649 556 734; x_wconf 90' lang='lat' dir='ltr'>quod</span> <span class='ocrx_word' id='word_1_29' title='bbox 578 649 614 712; x_wconf 95' lang='lat' dir='ltr'>in</span> <span class='ocrx_word' id='word_1_30' title='bbox 637 649 805 734; x_wconf 88' lang='lat' dir='ltr'>superficie</span> <span class='ocrx_word' id='word_1_31' title='bbox 830 650 965 734; x_wconf 84' lang='lat' dir='ltr'><strong>cylindri</strong></span> <span class='ocrx_word' id='word_1_32' title='bbox 989 655 1053 735; x_wconf 89' lang='lat' dir='ltr'>est,</span> <span class='ocrx_word' id='word_1_33' title='bbox 1079 651 1115 714; x_wconf 91' lang='lat' dir='ltr'>in</span> 
     </span>
     <span class='ocr_line' id='line_1_6' title="bbox 96 755 1115 847; baseline 0 -27"><span class='ocrx_word' id='word_1_34' title='bbox 96 756 184 821; x_wconf 86' lang='lat' dir='ltr'>duas</span> <span class='ocrx_word' id='word_1_35' title='bbox 206 761 314 840; x_wconf 89' lang='lat' dir='ltr'>partes</span> <span class='ocrx_word' id='word_1_36' title='bbox 339 755 489 838; x_wconf 80' lang='lat' dir='ltr'>aequales</span> <span class='ocrx_word' id='word_1_37' title='bbox 508 778 581 820; x_wconf 91' lang='lat' dir='ltr'>eam</span> <span class='ocrx_word' id='word_1_38' title='bbox 600 760 720 847; x_wconf 87' lang='lat' dir='ltr'>sectam</span> <span class='ocrx_word' id='word_1_39' title='bbox 739 779 809 821; x_wconf 89' lang='lat' dir='ltr'>esse</span> <span class='ocrx_word' id='word_1_40' title='bbox 828 756 863 820; x_wconf 93' lang='lat' dir='ltr'>in</span> <span class='ocrx_word' id='word_1_41' title='bbox 883 761 919 821; x_wconf 92' lang='lat' dir='ltr'>Z.</span> <span class='ocrx_word' id='word_1_42' title='bbox 961 756 1115 841; x_wconf 88' lang='lat' dir='ltr'>quoniam</span> 
     </span>
     <span class='ocr_line' id='line_1_7' title="bbox 94 862 1113 948; baseline -0.001 -20"><span class='ocrx_word' id='word_1_43' title='bbox 94 863 189 928; x_wconf 86' lang='lat' dir='ltr'>enim</span> <span class='ocrx_word' id='word_1_44' title='bbox 221 862 397 928; x_wconf 76' lang='lat' dir='ltr'>diametrus</span> <span class='ocrx_word' id='word_1_45' title='bbox 427 865 491 926; x_wconf 93' lang='grc' dir='ltr'>ΓΑ</span> <span class='ocrx_word' id='word_1_46' title='bbox 523 863 563 927; x_wconf 93' lang='lat' dir='ltr'>ad</span> <span class='ocrx_word' id='word_1_47' title='bbox 595 867 718 927; x_wconf 89' lang='lat' dir='ltr'>rectam</span> <span class='ocrx_word' id='word_1_48' title='bbox 748 867 815 927; x_wconf 81' lang='grc' dir='ltr'>ΘΚ</span> <span class='ocrx_word' id='word_1_49' title='bbox 839 863 1113 948; x_wconf 74' lang='lat' dir='ltr'>perpendicularis</span> 
     </span>
     <span class='ocr_line' id='line_1_8' title="bbox 94 967 1115 1056; baseline 0 -21"><span class='ocrx_word' id='word_1_50' title='bbox 94 975 161 1054; x_wconf 85' lang='lat' dir='ltr'>est,</span> <span class='ocrx_word' id='word_1_51' title='bbox 184 970 246 1034; x_wconf 91' lang='lat' dir='ltr'>erit</span> <span class='ocrx_word' id='word_1_52' title='bbox 268 972 479 1033; x_wconf 79' lang='lat' dir='ltr'>oK=KN</span> <span class='ocrx_word' id='word_1_53' title='bbox 495 969 600 1050; x_wconf 79' lang='lat' dir='ltr'>[Eucl.</span> <span class='ocrx_word' id='word_1_54' title='bbox 618 967 676 1054; x_wconf 89' lang='lat' dir='ltr'>Ill,</span> <span class='ocrx_word' id='word_1_55' title='bbox 694 969 738 1053; x_wconf 83' lang='lat'>3].</span> <span class='ocrx_word' id='word_1_56' title='bbox 775 992 792 1033; x_wconf 89' lang='lat' dir='ltr'>e</span> <span class='ocrx_word' id='word_1_57' title='bbox 835 975 923 1054; x_wconf 89' lang='lat' dir='ltr'>MN,</span> <span class='ocrx_word' id='word_1_58' title='bbox 943 975 1025 1056; x_wconf 80' lang='grc' dir='ltr'>ΛΚ,</span> <span class='ocrx_word' id='word_1_59' title='bbox 1044 975 1115 1035; x_wconf 81' lang='grc' dir='ltr'>ΗΘ</span> 
     </span>
     <span class='ocr_line' id='line_1_9' title="bbox 92 1076 734 1163; baseline -0.002 -22"><span class='ocrx_word' id='word_1_60' title='bbox 92 1076 275 1163; x_wconf 85' lang='lat' dir='ltr'>parallelae</span> <span class='ocrx_word' id='word_1_61' title='bbox 301 1078 390 1162; x_wconf 69' lang='lat' dir='ltr'>sunt,</span> <span class='ocrx_word' id='word_1_62' title='bbox 414 1097 491 1161; x_wconf 85' lang='lat' dir='ltr'>ergo</span> <span class='ocrx_word' id='word_1_63' title='bbox 516 1080 589 1140; x_wconf 89' lang='grc' dir='ltr'>ΜΖ</span> <span class='ocrx_word' id='word_1_64' title='bbox 604 1107 646 1128; x_wconf 92' lang='lat'>=</span> <span class='ocrx_word' id='word_1_65' title='bbox 663 1081 734 1140; x_wconf 85' lang='lat' dir='ltr'>ZE.</span> 
     </span>
    </p>
   </div>
   <div class='ocr_carea' id='block_1_3' title="bbox 572 1271 646 1339">
    <p class='ocr_par' dir='ltr' id='par_1_4' title="bbox 572 1271 646 1339">
     <span class='ocr_line' id='line_1_10' title="bbox 572 1271 646 1339; baseline 0.054 -3"><span class='ocrx_word' id='word_1_66' title='bbox 572 1271 646 1339; x_wconf 84' lang='lat' dir='ltr'>XII.</span> 
     </span>
    </p>
   </div>
   <div class='ocr_carea' id='block_1_4' title="bbox 94 1396 1116 2016">
    <p class='ocr_par' dir='ltr' id='par_1_5' title="bbox 94 1396 1116 2016">
     <span class='ocr_line' id='line_1_11' title="bbox 168 1396 1115 1482; baseline 0.002 -20"><span class='ocrx_word' id='word_1_67' title='bbox 168 1396 206 1462; x_wconf 84' lang='lat' dir='ltr'>Si</span> <span class='ocrx_word' id='word_1_68' title='bbox 243 1397 407 1482; x_wconf 83' lang='lat' dir='ltr'>cylindrus</span> <span class='ocrx_word' id='word_1_69' title='bbox 443 1397 541 1481; x_wconf 90' lang='lat' dir='ltr'>plano</span> <span class='ocrx_word' id='word_1_70' title='bbox 580 1400 707 1461; x_wconf 89' lang='lat' dir='ltr'>secatur</span> <span class='ocrx_word' id='word_1_71' title='bbox 739 1396 872 1481; x_wconf 88' lang='lat' dir='ltr'>planum</span> <span class='ocrx_word' id='word_1_72' title='bbox 904 1400 991 1464; x_wconf 89' lang='lat' dir='ltr'>basis</span> <span class='ocrx_word' id='word_1_73' title='bbox 1024 1403 1115 1464; x_wconf 88' lang='lat' dir='ltr'>extra</span> 
     </span>
     <span class='ocr_line' id='line_1_12' title="bbox 95 1503 1116 1589; baseline 0.003 -21"><span class='ocrx_word' id='word_1_74' title='bbox 95 1504 260 1569; x_wconf 89' lang='lat' dir='ltr'>circulum</span> <span class='ocrx_word' id='word_1_75' title='bbox 284 1503 417 1589; x_wconf 92' lang='lat' dir='ltr'>secanti,</span> <span class='ocrx_word' id='word_1_76' title='bbox 438 1503 487 1567; x_wconf 91' lang='lat' dir='ltr'>ita</span> <span class='ocrx_word' id='word_1_77' title='bbox 509 1507 547 1567; x_wconf 92' lang='lat' dir='ltr'>ut</span> <span class='ocrx_word' id='word_1_78' title='bbox 566 1503 746 1568; x_wconf 92' lang='lat' dir='ltr'>communis</span> <span class='ocrx_word' id='word_1_79' title='bbox 766 1504 868 1568; x_wconf 91' lang='lat' dir='ltr'>sectio</span> <span class='ocrx_word' id='word_1_80' title='bbox 886 1505 1057 1589; x_wconf 90' lang='lat' dir='ltr'>planorum</span> <span class='ocrx_word' id='word_1_81' title='bbox 1076 1507 1116 1571; x_wconf 87' lang='lat' dir='ltr'>ad</span> 
     </span>
     <span class='ocr_line' id='line_1_13' title="bbox 95 1609 1116 1696; baseline 0.002 -21"><span class='ocrx_word' id='word_1_82' title='bbox 95 1611 208 1676; x_wconf 86' lang='lat' dir='ltr'>basim</span> <span class='ocrx_word' id='word_1_83' title='bbox 230 1610 527 1696; x_wconf 82' lang='lat' dir='ltr'>parallelogrammi</span> <span class='ocrx_word' id='word_1_84' title='bbox 545 1632 603 1693; x_wconf 88' lang='lat' dir='ltr'>per</span> <span class='ocrx_word' id='word_1_85' title='bbox 621 1632 714 1674; x_wconf 87' lang='lat' dir='ltr'>axem</span> <span class='ocrx_word' id='word_1_86' title='bbox 732 1609 832 1692; x_wconf 87' lang='lat' dir='ltr'>positi</span> <span class='ocrx_word' id='word_1_87' title='bbox 850 1611 904 1676; x_wconf 90' lang='lat' dir='ltr'>uel</span> <span class='ocrx_word' id='word_1_88' title='bbox 922 1613 963 1675; x_wconf 87' lang='lat' dir='ltr'>ad</span> <span class='ocrx_word' id='word_1_89' title='bbox 981 1613 1116 1677; x_wconf 89' lang='lat' dir='ltr'>eandem</span> 
     </span>
     <span class='ocr_line' id='line_1_14' title="bbox 94 1716 1115 1802; baseline 0.002 -21"><span class='ocrx_word' id='word_1_90' title='bbox 94 1717 294 1802; x_wconf 86' lang='lat' dir='ltr'>productam</span> <span class='ocrx_word' id='word_1_91' title='bbox 317 1716 592 1800; x_wconf 85' lang='lat' dir='ltr'>perpendicularis</span> <span class='ocrx_word' id='word_1_92' title='bbox 616 1717 669 1801; x_wconf 88' lang='lat' dir='ltr'>sit,</span> <span class='ocrx_word' id='word_1_93' title='bbox 691 1721 808 1800; x_wconf 89' lang='lat' dir='ltr'>rectae,</span> <span class='ocrx_word' id='word_1_94' title='bbox 832 1737 914 1800; x_wconf 89' lang='lat' dir='ltr'>qnae</span> <span class='ocrx_word' id='word_1_95' title='bbox 934 1739 954 1780; x_wconf 93' lang='lat' dir='ltr'>a</span> <span class='ocrx_word' id='word_1_96' title='bbox 972 1718 1115 1784; x_wconf 73' lang='lat' dir='ltr'>sectione</span> 
     </span>
     <span class='ocr_line' id='line_1_15' title="bbox 96 1822 1115 1908; baseline -0.001 -19"><span class='ocrx_word' id='word_1_97' title='bbox 96 1825 136 1889; x_wconf 90' lang='lat' dir='ltr'>in</span> <span class='ocrx_word' id='word_1_98' title='bbox 160 1823 331 1908; x_wconf 87' lang='lat' dir='ltr'>superficie</span> <span class='ocrx_word' id='word_1_99' title='bbox 356 1822 493 1907; x_wconf 86' lang='lat' dir='ltr'>cylindri</span> <span class='ocrx_word' id='word_1_100' title='bbox 516 1846 536 1887; x_wconf 93' lang='lat' dir='ltr'>a</span> <span class='ocrx_word' id='word_1_101' title='bbox 557 1824 656 1907; x_wconf 89' lang='lat' dir='ltr'>plano</span> <span class='ocrx_word' id='word_1_102' title='bbox 680 1823 803 1887; x_wconf 87' lang='lat' dir='ltr'>secanti</span> <span class='ocrx_word' id='word_1_103' title='bbox 822 1823 936 1889; x_wconf 86' lang='lat' dir='ltr'>effecta</span> <span class='ocrx_word' id='word_1_104' title='bbox 955 1824 1115 1888; x_wconf 90' lang='lat' dir='ltr'>ducuntur</span> 
     </span>
     <span class='ocr_line' id='line_1_16' title="bbox 95 1929 1116 2016; baseline 0.001 -22"><span class='ocrx_word' id='word_1_105' title='bbox 95 1930 276 2016; x_wconf 84' lang='lat' dir='ltr'>parallelae</span> <span class='ocrx_word' id='word_1_106' title='bbox 299 1933 407 1994; x_wconf 89' lang='lat' dir='ltr'>rectae</span> <span class='ocrx_word' id='word_1_107' title='bbox 432 1930 472 1994; x_wconf 91' lang='lat' dir='ltr'>ad</span> <span class='ocrx_word' id='word_1_108' title='bbox 494 1929 600 1994; x_wconf 88' lang='lat' dir='ltr'>basim</span> <span class='ocrx_word' id='word_1_109' title='bbox 623 1930 919 2016; x_wconf 85' lang='lat' dir='ltr'>parallelogrammi</span> <span class='ocrx_word' id='word_1_110' title='bbox 943 1953 1000 2016; x_wconf 93' lang='lat' dir='ltr'>per</span> <span class='ocrx_word' id='word_1_111' title='bbox 1023 1953 1116 1995; x_wconf 87' lang='lat' dir='ltr'>axem</span> 
     </span>
    </p>
   </div>
   <div class='ocr_carea' id='block_1_5' title="bbox 95 2023 1117 2334">
    <p class='ocr_par' dir='ltr' id='par_1_6' title="bbox 95 2023 1117 2334">
     <span class='ocr_line' id='line_1_17' title="bbox 95 2023 1116 2121; baseline 0.002 -21"><span class='ocrx_word' id='word_1_112' title='bbox 95 2036 202 2121; x_wconf 86' lang='lat' dir='ltr'>positi</span> <span class='ocrx_word' id='word_1_113' title='bbox 216 2036 473 2121; x_wconf 88' lang='lat' dir='ltr'>perpendiculari</span> <span class='ocrx_word' id='word_1_114' title='bbox 488 2023 541 2101; x_wconf 87' lang='lat' dir='ltr'>uel</span> <span class='ocrx_word' id='word_1_115' title='bbox 555 2037 659 2101; x_wconf 90' lang='lat' dir='ltr'>eidem</span> <span class='ocrx_word' id='word_1_116' title='bbox 673 2037 849 2121; x_wconf 86' lang='lat' dir='ltr'>productae</span> <span class='ocrx_word' id='word_1_117' title='bbox 863 2037 898 2101; x_wconf 93' lang='lat' dir='ltr'>in</span> <span class='ocrx_word' id='word_1_118' title='bbox 912 2059 1116 2103; x_wconf 88' lang='lat' dir='ltr'>communem</span> 
     </span>
     <span class='ocr_line' id='line_1_18' title="bbox 98 2143 1116 2229; baseline 0 -20"><span class='ocrx_word' id='word_1_119' title='bbox 98 2143 282 2209; x_wconf 84' lang='lat' dir='ltr'>sectionem</span> <span class='ocrx_word' id='word_1_120' title='bbox 318 2143 489 2228; x_wconf 86' lang='lat' dir='ltr'>planorum</span> <span class='ocrx_word' id='word_1_121' title='bbox 527 2145 643 2208; x_wconf 88' lang='lat' dir='ltr'>cadent</span> <span class='ocrx_word' id='word_1_122' title='bbox 679 2148 712 2208; x_wconf 90' lang='lat' dir='ltr'>et</span> <span class='ocrx_word' id='word_1_123' title='bbox 750 2145 790 2209; x_wconf 87' lang='lat' dir='ltr'>ad</span> <span class='ocrx_word' id='word_1_124' title='bbox 822 2145 958 2209; x_wconf 84' lang='lat' dir='ltr'>alteram</span> <span class='ocrx_word' id='word_1_125' title='bbox 989 2149 1116 2229; x_wconf 87' lang='lat' dir='ltr'>partem</span> 
     </span>
     <span class='ocr_line' id='line_1_19' title="bbox 99 2249 1117 2334; baseline 0.001 -20"><span class='ocrx_word' id='word_1_126' title='bbox 99 2250 258 2315; x_wconf 88' lang='lat' dir='ltr'>sectionis</span> <span class='ocrx_word' id='word_1_127' title='bbox 277 2251 453 2334; x_wconf 88' lang='lat' dir='ltr'>productae</span> <span class='ocrx_word' id='word_1_128' title='bbox 470 2250 505 2314; x_wconf 93' lang='lat' dir='ltr'>in</span> <span class='ocrx_word' id='word_1_129' title='bbox 519 2249 612 2313; x_wconf 90' lang='lat' dir='ltr'>binas</span> <span class='ocrx_word' id='word_1_130' title='bbox 630 2255 740 2334; x_wconf 87' lang='lat' dir='ltr'>partes</span> <span class='ocrx_word' id='word_1_131' title='bbox 755 2252 904 2334; x_wconf 89' lang='lat' dir='ltr'>aequales</span> <span class='ocrx_word' id='word_1_132' title='bbox 920 2273 938 2314; x_wconf 91' lang='lat' dir='ltr'>a</span> <span class='ocrx_word' id='word_1_133' title='bbox 953 2252 1117 2316; x_wconf 88' lang='lat' dir='ltr'>communi</span> 
     </span>
    </p>
   </div>
   <div class='ocr_carea' id='block_1_6' title="bbox 97 2356 1117 3296">
    <p class='ocr_par' dir='ltr' id='par_1_7' title="bbox 97 2356 1117 3082">
     <span class='ocr_line' id='line_1_20' title="bbox 100 2356 1115 2441; baseline -0.002 -19"><span class='ocrx_word' id='word_1_134' title='bbox 100 2356 247 2422; x_wconf 88' lang='lat' dir='ltr'>sectione</span> <span class='ocrx_word' id='word_1_135' title='bbox 283 2357 455 2441; x_wconf 87' lang='lat' dir='ltr'>planorum</span> <span class='ocrx_word' id='word_1_136' title='bbox 493 2357 702 2441; x_wconf 84' lang='lat' dir='ltr'>secabuntur,</span> <span class='ocrx_word' id='word_1_137' title='bbox 738 2362 771 2420; x_wconf 88' lang='lat' dir='ltr'>et</span> <span class='ocrx_word' id='word_1_138' title='bbox 807 2363 896 2422; x_wconf 84' lang='lat' dir='ltr'>recta</span> <span class='ocrx_word' id='word_1_139' title='bbox 933 2359 973 2422; x_wconf 90' lang='lat' dir='ltr'>ad</span> <span class='ocrx_word' id='word_1_140' title='bbox 1009 2356 1115 2421; x_wconf 91' lang='lat' dir='ltr'>basim</span> 
     </span>
     <span class='ocr_line' id='line_1_21' title="bbox 97 2462 1114 2550; baseline -0.001 -23"><span class='ocrx_word' id='word_1_141' title='bbox 97 2462 398 2550; x_wconf 82' lang='lat' dir='ltr'>parallelogrammi</span> <span class='ocrx_word' id='word_1_142' title='bbox 421 2486 479 2548; x_wconf 91' lang='lat' dir='ltr'>per</span> <span class='ocrx_word' id='word_1_143' title='bbox 502 2485 595 2528; x_wconf 90' lang='lat' dir='ltr'>axem</span> <span class='ocrx_word' id='word_1_144' title='bbox 618 2462 719 2547; x_wconf 87' lang='lat' dir='ltr'>positi</span> <span class='ocrx_word' id='word_1_145' title='bbox 741 2463 795 2527; x_wconf 88' lang='lat' dir='ltr'>uel</span> <span class='ocrx_word' id='word_1_146' title='bbox 819 2465 860 2527; x_wconf 94' lang='lat' dir='ltr'>ad</span> <span class='ocrx_word' id='word_1_147' title='bbox 882 2464 1016 2528; x_wconf 88' lang='lat' dir='ltr'>eandem</span> <span class='ocrx_word' id='word_1_148' title='bbox 1037 2484 1114 2547; x_wconf 92' lang='lat' dir='ltr'>pro-</span> 
     </span>
     <span class='ocr_line' id='line_1_22' title="bbox 100 2569 1113 2656; baseline 0.001 -23"><span class='ocrx_word' id='word_1_149' title='bbox 100 2570 233 2634; x_wconf 82' lang='lat' dir='ltr'>ductam</span> <span class='ocrx_word' id='word_1_150' title='bbox 246 2570 530 2655; x_wconf 82' lang='lat' dir='ltr'>perpendicularis,</span> <span class='ocrx_word' id='word_1_151' title='bbox 545 2570 572 2634; x_wconf 91' lang='lat' dir='ltr'>si</span> <span class='ocrx_word' id='word_1_152' title='bbox 588 2569 752 2654; x_wconf 87' lang='lat' dir='ltr'>cylindrus</span> <span class='ocrx_word' id='word_1_153' title='bbox 767 2575 875 2636; x_wconf 85' lang='lat' dir='ltr'>rectus</span> <span class='ocrx_word' id='word_1_154' title='bbox 890 2573 949 2656; x_wconf 90' lang='lat' dir='ltr'>est,</span> <span class='ocrx_word' id='word_1_155' title='bbox 963 2570 1113 2634; x_wconf 86' lang='lat' dir='ltr'>etiamad</span> 
     </span>
     <span class='ocr_line' id='line_1_23' title="bbox 101 2676 1113 2762; baseline -0.002 -20"><span class='ocrx_word' id='word_1_156' title='bbox 101 2697 306 2742; x_wconf 88' lang='lat' dir='ltr'>communem</span> <span class='ocrx_word' id='word_1_157' title='bbox 325 2677 501 2742; x_wconf 81' lang='lat' dir='ltr'>sectionem</span> <span class='ocrx_word' id='word_1_158' title='bbox 519 2676 815 2762; x_wconf 82' lang='lat' dir='ltr'>parallelogrammi</span> <span class='ocrx_word' id='word_1_159' title='bbox 833 2700 891 2762; x_wconf 87' lang='lat' dir='ltr'>per</span> <span class='ocrx_word' id='word_1_160' title='bbox 906 2700 998 2742; x_wconf 90' lang='lat' dir='ltr'>axem</span> <span class='ocrx_word' id='word_1_161' title='bbox 1011 2677 1113 2762; x_wconf 87' lang='lat' dir='ltr'>positi</span> 
     </span>
     <span class='ocr_line' id='line_1_24' title="bbox 103 2782 1117 2870; baseline 0.001 -23"><span class='ocrx_word' id='word_1_162' title='bbox 103 2782 256 2870; x_wconf 86' lang='lat' dir='ltr'>planique</span> <span class='ocrx_word' id='word_1_163' title='bbox 290 2783 429 2849; x_wconf 90' lang='lat' dir='ltr'>secantis</span> <span class='ocrx_word' id='word_1_164' title='bbox 460 2782 736 2868; x_wconf 88' lang='lat' dir='ltr'>perpendicularis</span> <span class='ocrx_word' id='word_1_165' title='bbox 769 2785 845 2870; x_wconf 89' lang='lat' dir='ltr'>erit,</span> <span class='ocrx_word' id='word_1_166' title='bbox 877 2785 927 2850; x_wconf 92' lang='lat' dir='ltr'>sin</span> <span class='ocrx_word' id='word_1_167' title='bbox 955 2784 1117 2869; x_wconf 74' lang='lat' dir='ltr'>obliquuS,</span> 
     </span>
     <span class='ocr_line' id='line_1_25' title="bbox 102 2889 1114 2976; baseline 0 -22"><span class='ocrx_word' id='word_1_168' title='bbox 102 2911 168 2954; x_wconf 92' lang='lat' dir='ltr'>non</span> <span class='ocrx_word' id='word_1_169' title='bbox 203 2890 268 2955; x_wconf 88' lang='lat' dir='ltr'>iam</span> <span class='ocrx_word' id='word_1_170' title='bbox 305 2889 593 2976; x_wconf 76' lang='lat' dir='ltr'>perpendicularis,</span> <span class='ocrx_word' id='word_1_171' title='bbox 624 2889 693 2954; x_wconf 87' lang='lat' dir='ltr'>nisi</span> <span class='ocrx_word' id='word_1_172' title='bbox 731 2892 859 2974; x_wconf 91' lang='lat' dir='ltr'>quando</span> <span class='ocrx_word' id='word_1_173' title='bbox 891 2891 1024 2976; x_wconf 89' lang='lat' dir='ltr'>planum</span> <span class='ocrx_word' id='word_1_174' title='bbox 1056 2913 1114 2976; x_wconf 92' lang='lat' dir='ltr'>per</span> 
     </span>
     <span class='ocr_line' id='line_1_26' title="bbox 105 2997 1113 3082; baseline -0.002 -20"><span class='ocrx_word' id='word_1_175' title='bbox 105 3019 195 3062; x_wconf 88' lang='lat' dir='ltr'>axem</span> <span class='ocrx_word' id='word_1_176' title='bbox 222 2997 369 3081; x_wconf 87' lang='lat' dir='ltr'>positum</span> <span class='ocrx_word' id='word_1_177' title='bbox 397 2997 436 3061; x_wconf 88' lang='lat' dir='ltr'>ad</span> <span class='ocrx_word' id='word_1_178' title='bbox 463 2997 570 3061; x_wconf 87' lang='lat' dir='ltr'>basim</span> <span class='ocrx_word' id='word_1_179' title='bbox 598 2997 734 3079; x_wconf 87' lang='lat' dir='ltr'>cylindri</span> <span class='ocrx_word' id='word_1_180' title='bbox 761 2998 1026 3082; x_wconf 90' lang='lat' dir='ltr'>perpendiculare</span> <span class='ocrx_word' id='word_1_181' title='bbox 1054 3004 1113 3062; x_wconf 88' lang='lat' dir='ltr'>est.</span> 
     </span>
    </p>

    <p class='ocr_par' dir='ltr' id='par_1_8' title="bbox 104 3103 1113 3296">
     <span class='ocr_line' id='line_1_27' title="bbox 169 3103 1111 3190; baseline 0 -23"><span class='ocrx_word' id='word_1_182' title='bbox 169 3103 212 3168; x_wconf 94' lang='lat' dir='ltr'>sit</span> <span class='ocrx_word' id='word_1_183' title='bbox 254 3103 430 3190; x_wconf 77' lang='lat' dir='ltr'>cylindrus,</span> <span class='ocrx_word' id='word_1_184' title='bbox 472 3103 564 3168; x_wconf 89' lang='lat' dir='ltr'>cuius</span> <span class='ocrx_word' id='word_1_185' title='bbox 605 3104 699 3168; x_wconf 88' lang='lat' dir='ltr'>bases</span> <span class='ocrx_word' id='word_1_186' title='bbox 738 3103 804 3168; x_wconf 91' lang='lat' dir='ltr'>sint</span> <span class='ocrx_word' id='word_1_187' title='bbox 840 3104 953 3170; x_wconf 90' lang='lat' dir='ltr'>circuli</span> <span class='ocrx_word' id='word_1_188' title='bbox 989 3111 1034 3187; x_wconf 88' lang='lat' dir='ltr'>A,</span> <span class='ocrx_word' id='word_1_189' title='bbox 1072 3109 1111 3186; x_wconf 91' lang='lat' dir='ltr'>B,</span> 
     </span>
     <span class='ocr_line' id='line_1_28' title="bbox 104 3210 1113 3296; baseline -0.001 -21"><span class='ocrx_word' id='word_1_190' title='bbox 104 3210 443 3296; x_wconf 81' lang='lat' dir='ltr'>parallelogrammum</span> <span class='ocrx_word' id='word_1_191' title='bbox 470 3215 579 3274; x_wconf 85' lang='lat' dir='ltr'>autem</span> <span class='ocrx_word' id='word_1_192' title='bbox 602 3231 660 3294; x_wconf 89' lang='lat' dir='ltr'>per</span> <span class='ocrx_word' id='word_1_193' title='bbox 684 3233 776 3275; x_wconf 86' lang='lat' dir='ltr'>axem</span> <span class='ocrx_word' id='word_1_194' title='bbox 799 3212 943 3294; x_wconf 87' lang='lat' dir='ltr'>positum</span> <span class='ocrx_word' id='word_1_195' title='bbox 968 3210 1011 3274; x_wconf 86' lang='lat' dir='ltr'>sit</span> <span class='ocrx_word' id='word_1_196' title='bbox 1035 3213 1113 3293; x_wconf 83' lang='grc' dir='ltr'>ΓΔ,</span> 
     </span>
    </p>
   </div>
   <div class='ocr_carea' id='block_1_7' title="bbox 105 3338 154 3345">
    <p class='ocr_par' dir='ltr' id='par_1_9' title="bbox 105 3338 154 3345">
     <span class='ocr_line' id='line_1_29' title="bbox 105 3338 154 3345; baseline -0.02 0"><span class='ocrx_word' id='word_1_197' title='bbox 105 3338 154 3345; x_wconf 73' lang='grc'>...-</span> 
     </span>
    </p>
   </div>
   <div class='ocr_carea' id='block_1_8' title="bbox 106 3400 1112 3494">
    <p class='ocr_par' dir='ltr' id='par_1_10' title="bbox 106 3400 1112 3494">
     <span class='ocr_line' id='line_1_30' title="bbox 106 3400 1112 3494; baseline 0 -36"><span class='ocrx_word' id='word_1_198' title='bbox 106 3403 227 3494; x_wconf 60' lang='lat' dir='ltr'>ccupat]</span> <span class='ocrx_word' id='word_1_199' title='bbox 246 3401 277 3455; x_wconf 92' lang='lat' dir='ltr'>in</span> <span class='ocrx_word' id='word_1_200' title='bbox 295 3418 349 3457; x_wconf 83' lang='lat' dir='ltr'>ras.</span> <span class='ocrx_word' id='word_1_201' title='bbox 368 3421 395 3472; x_wconf 91' lang='lat' dir='ltr'>p.</span> <span class='ocrx_word' id='word_1_202' title='bbox 470 3409 511 3457; x_wconf 87' lang='grc'>16.</span> <span class='ocrx_word' id='word_1_203' title='bbox 531 3400 596 3474; x_wconf 80' lang='grc' dir='ltr'>καί]</span> <span class='ocrx_word' id='word_1_204' title='bbox 615 3422 642 3473; x_wconf 86' lang='lat' dir='ltr'>p,</span> <span class='ocrx_word' id='word_1_205' title='bbox 663 3419 716 3457; x_wconf 91' lang='lat' dir='ltr'>om.</span> <span class='ocrx_word' id='word_1_206' title='bbox 736 3402 789 3458; x_wconf 90' lang='lat' dir='ltr'>Vc.</span> <span class='ocrx_word' id='word_1_207' title='bbox 868 3409 910 3458; x_wconf 80' lang='lat'>21.</span> <span class='ocrx_word' id='word_1_208' title='bbox 929 3400 993 3474; x_wconf 82' lang='grc' dir='ltr'>καί]</span> <span class='ocrx_word' id='word_1_209' title='bbox 1013 3419 1065 3457; x_wconf 89' lang='lat' dir='ltr'>orn.</span> <span class='ocrx_word' id='word_1_210' title='bbox 1086 3421 1112 3472; x_wconf 83' lang='lat' dir='ltr'>p.</span> 
     </span>
    </p>
   </div>
   <div class='ocr_carea' id='block_1_9' title="bbox 106 3473 1115 3618">
    <p class='ocr_par' dir='ltr' id='par_1_11' title="bbox 106 3473 1115 3618">
     <span class='ocr_line' id='line_1_31' title="bbox 137 3473 1115 3549; baseline 0.002 -22"><span class='ocrx_word' id='word_1_211' title='bbox 137 3493 151 3527; x_wconf 83' lang='grc' dir='ltr'><strong><em>τ</em></strong></span> <span class='ocrx_word' id='word_1_212' title='bbox 169 3475 180 3547; x_wconf 91' lang='grc'>]</span> <span class='ocrx_word' id='word_1_213' title='bbox 200 3490 253 3528; x_wconf 89' lang='lat' dir='ltr'>om.</span> <span class='ocrx_word' id='word_1_214' title='bbox 275 3490 296 3529; x_wconf 87' lang='lat' dir='ltr'>c.</span> <span class='ocrx_word' id='word_1_215' title='bbox 357 3479 398 3528; x_wconf 77' lang='lat'>22.</span> <span class='ocrx_word' id='word_1_216' title='bbox 419 3473 719 3545; x_wconf 74' lang='grc' dir='ltr'><strong><em>παραλληλογράμμου]</em></strong></span> <span class='ocrx_word' id='word_1_217' title='bbox 738 3478 897 3549; x_wconf 67' lang='grc' dir='ltr'><em>παραλλοΓΡ</em></span> <span class='ocrx_word' id='word_1_218' title='bbox 916 3493 943 3544; x_wconf 91' lang='lat' dir='ltr'>p.</span> <span class='ocrx_word' id='word_1_219' title='bbox 1002 3481 1043 3529; x_wconf 79' lang='lat'>25.</span> <span class='ocrx_word' id='word_1_220' title='bbox 1064 3473 1115 3547; x_wconf 79' lang='grc' dir='ltr'>βά-</span> 
     </span>
     <span class='ocr_line' id='line_1_32' title="bbox 106 3495 508 3618; baseline 0 -17"><span class='ocrx_word' id='word_1_221' title='bbox 106 3495 168 3618; x_wconf 65' lang='lat' dir='ltr'>casl</span> <span class='ocrx_word' id='word_1_222' title='bbox 187 3563 201 3600; x_wconf 94' lang='lat' dir='ltr'>e</span> <span class='ocrx_word' id='word_1_223' title='bbox 221 3562 291 3600; x_wconf 80' lang='lat' dir='ltr'>com.</span> <span class='ocrx_word' id='word_1_224' title='bbox 309 3564 336 3615; x_wconf 88' lang='lat' dir='ltr'>p,</span> <span class='ocrx_word' id='word_1_225' title='bbox 356 3544 436 3618; x_wconf 76' lang='grc' dir='ltr'>βάσις</span> <span class='ocrx_word' id='word_1_226' title='bbox 454 3547 508 3601; x_wconf 89' lang='lat' dir='ltr'>Vc.</span> 
     </span>
    </p>
   </div>
   <div class='ocr_carea' id='block_1_10' title="bbox 0 0 1296 3934">
    <p class='ocr_par' dir='ltr' id='par_1_12' title="bbox 0 0 1296 3934">
     <span class='ocr_line' id='line_1_33' title="bbox 0 0 1296 3934; baseline 0 0"><span class='ocrx_word' id='word_1_227' title='bbox 0 0 1296 3934; x_wconf 95' lang='lat' dir='ltr'> </span> 
     </span>
    </p>
   </div>
  </div>
 </body>
</html>
