2488 3938
144 175 186 240 63
412 175 500 227 ΠΕΡι
518 173 733 226 Κυλωωοω
751 173 888 227 νοιιΗΣ.

210 318 370 384 ἐκκείσθω
408 316 532 396 ἔξωθεν
573 317 689 382 εὐθεῖά
729 339 779 394 τις
814 316 834 399 ἡ
867 321 935 382 ΑΒ
966 315 1022 381 καί
1052 317 1155 400 τυχὸν

144 436 279 510 σημεῖον
303 423 353 490 ἐπ’
379 424 480 508 αὐτῆς
502 425 539 488 τὸ
562 430 610 508 A,
633 422 688 488 καὶ
711 421 874 507 γενέσθω,
896 423 942 500 ὡς
963 419 1024 508 μέν
1046 423 1066 506 η
1087 428 1121 487 Α
1127 426 1157 487 Β

144 534 227 618 πρὸς
244 533 305 616 τὴν
321 536 398 615 BA,
416 530 522 606 ούτως
539 529 560 613 ἡ
578 534 645 596 AB
663 531 746 616 πρὸς
764 531 826 614 την
843 533 915 614 ΒΓ,
935 530 979 607 ὡς
997 527 1034 594 δὲ
1051 529 1070 613 η
1088 533 1158 594 ΑΒ
1239 515 1240 546 ¹

144 641 227 726 πρὸς
253 639 314 722 την
340 640 417 722 ΒΓ,
445 636 551 713 οὕτως
577 637 598 720 η
621 643 691 703 AA
712 638 795 723 πρὸς
817 639 878 721 την
901 641 985 721 ΕΔ,
1011 635 1066 701 καί
1091 635 1157 700 άπὸ
1239 715 1240 720 ¹

110 743 206 831 ομὲν
232 755 300 811 τῶν
323 749 367 828 Ε,
385 751 433 829 A,
453 747 485 808 Γ
503 747 648 828 σημείων
670 754 710 830 τῇ
733 748 799 809 AB
823 744 939 831 εὐθείᾳ
960 744 1045 830 πρὸς
1067 744 1160 808 οίαν-
1239 759 1240 772 ³

145 853 266 936 θηποτε
289 854 414 935 γωνίαν
437 848 669 936 ἐφεστάτωσαν
689 849 818 916 εὐθεῖαι
836 851 1042 936 παράλληλοι
1060 849 1159 932 ἀλλή-

144 965 217 1036 λαις
240 959 277 1022 αί
293 962 370 1041 ΕΖ,
389 963 476 1040 ΔΗ,
496 961 572 1040 ΓΟ,
596 958 652 1021 διὰ
675 954 712 1021 δέ
734 966 794 1021 τοῦ
814 960 847 1021 Γ
860 959 955 1041 ἤχθω
974 980 1025 1033 τις
1043 956 1160 1022 εὐθεῖα

144 1064 308 1148 τέμνουσα
331 1064 389 1140 τὰς
406 1069 484 1147 ΕΖ,
502 1068 580 1128 AH
593 1063 613 1146 ἡ
633 1066 712 1147 ΓΚ,
729 1061 785 1128 καὶ
803 1063 1033 1148 ἐπιζευχθεῖσα
1050 1063 1070 1147 η
1089 1066 1163 1128 ΑΚ

145 1169 353 1255 συμπιπτέτω
377 1180 417 1256 τῇ
435 1174 512 1235 AH
525 1171 607 1236 κατὰ
630 1170 667 1235 τὸ
685 1174 731 1253 Η,
753 1167 809 1234 καὶ
833 1169 1016 1254 ἐπεζεύχθω
1040 1170 1158 1254 m.

93 1289 127 1337 10
212 1278 340 1342 τούτων
367 1275 473 1352 ούτως
502 1277 573 1364 ίὸίηι
594 1276 931 1341 κατασκευασθέντων
955 1279 1037 1342 έστω
1061 1277 1078 1343 ὁ
1103 1278 1160 1341 θο-

145 1381 220 1460 θεὶς
241 1383 430 1468 κύλινδρος,
453 1377 493 1448 ού
516 1384 553 1448 τὸ
577 1383 633 1447 διὰ
651 1391 710 1447 τού
729 1381 847 1460 άξονος
863 1386 1160 1471 παραλληλόγραμ-

146 1494 210 1576 μόν
233 1490 302 1556 ε’στι
325 1491 362 1555 τὸ
387 1494 471 1573 ΛΜ,
494 1499 552 1572 τῆς
575 1487 612 1554 δὲ
635 1490 792 1572 δοθείσης
814 1489 850 1554 ἐν
873 1490 963 1574 αύτῷ
987 1489 1162 1568 ἐλλείψεως
1240 1459 1242 1602 ¹

146 1598 320 1684 διάμετρος
343 1599 425 1662 ἔστω
448 1596 469 1680 ἡ
488 1600 527 1662 Ν
528 1595 565 1680 Ξ,
588 1594 643 1660 καὶ
665 1599 839 1680 τετμήσθω
858 1596 879 1679 ἡ
898 1595 965 1670 ΛΞ
980 1597 1078 1680 βάσις
1100 1604 1160 1661 τοῦ
1240 1641 1241 1652 ι

145 1703 488 1790 παραλληλογράμμου
518 1702 640 1787 ὁμοίως
666 1712 705 1788 τη
733 1706 811 1786 ΕΓ,
838 1700 883 1767 ἵν’
913 1697 949 1789 ᾖ,
977 1703 1022 1780 ὡς
1050 1703 1069 1786 ἡ
1093 1708 1161 1768 EA

93 1823 126 1871 15
144 1813 227 1898 πρὸς
253 1813 314 1895 την
341 1813 421 1892 ΔΓ,
449 1810 555 1885 οὕτως
581 1808 601 1892 ἡ
630 1814 696 1874 ΛΟ
722 1811 806 1894 πρὸς
828 1810 890 1893 την
914 1807 984 1882 ΟΞ.
1036 1811 1084 1874 ἔτι
1107 1833 1160 1892 γε-
1241 1805 1242 1822 ²

144 1917 271 1999 νέσθω,
303 1916 348 1991 ὡς
378 1912 439 2000 μέν
470 1915 490 1998 ἡ
518 1919 586 1980 ΕΓ
607 1918 690 2000 πρὸς
719 1917 781 2000 την
809 1918 885 2000 ΓΒ,
912 1915 1018 1993 οὕτως
1045 1916 1066 2000 η
1095 1915 1163 1989 ΛΞ

145 2027 228 2110 πρὸς
254 2023 315 2106 την
342 2020 422 2104 ΞΠ,
450 2021 496 2098 ὡς
522 2019 560 2086 δὲ
585 2021 606 2104 ἡ
636 2024 699 2086 ΓΕ
719 2023 803 2108 πρὸς
824 2024 886 2107 την
908 2027 985 2106 ΕΑ,
1009 2021 1118 2100 οὕτως
1140 2021 1160 2104 ἡ

146 2129 210 2204 ΞΛ
236 2130 319 2215 πρὸς
345 2129 406 2212 την
429 2133 504 2212 ΛΡ,
532 2127 588 2193 καὶ
614 2129 670 2193 διὰ
694 2137 755 2193 τοῦ
781 2134 809 2194 Ο
830 2130 926 2213 ἤχθω
948 2129 1161 2214 παράλληλος

145 2249 217 2314 ταῖς
238 2244 298 2302 τοῦ
320 2235 662 2321 παραλληλογράμμου
685 2240 844 2320 πλευραῖς
866 2235 886 2318 ἡ
911 2240 987 2319 ΟΣ,
1010 2233 1067 2301 καὶ
1090 2235 1159 2302 ἐπι·

93 2356 127 2405 20
147 2349 318 2429 ζευχθείσα
340 2343 360 2426 ἡ
384 2346 453 2408 ΡΝ
472 2341 681 2426 συμπιπτέτω
704 2353 744 2428 τη
769 2347 838 2408 ΟΣ
861 2343 944 2408 κατὰ
970 2343 1008 2407 τὸ
1032 2347 1079 2426 Σ,
1102 2341 1159 2408 καὶ

147 2451 396 2534 ἐπεζεύχθωσαν
418 2451 456 2514 αί
476 2453 561 2533 ΣΠ,
584 2448 658 2523 ΣΞ.

213 2555 283 2623 ἐπεὶ
315 2552 376 2623 οὖν
402 2556 423 2639 ἡ
453 2561 521 2621 ΡΠ
544 2555 659 2621 εὐθεῖα
687 2556 809 2640 ὁμοίως
835 2565 874 2641 τῇ
902 2560 967 2621 ΑΒ
995 2554 1160 2640 τέτμηται,

147 2667 236 2729 ἔστιν
259 2665 324 2748 άρα
345 2665 411 2745 καί,
434 2663 479 2738 ὡς
501 2659 561 2746 μὲν
583 2662 603 2746 ἡ
628 2667 697 2728 ΡΠ
715 2664 798 2748 πρὸς
820 2664 882 2746 την
901 2667 983 2745 ΠΟ,
1009 2661 1117 2740 οὕτως
1140 2661 1160 2745 ἡ

148 2773 221 2835 ΟΠ
238 2769 322 2852 πρὸς
344 2770 405 2852 την
423 2767 500 2852 ΠΞ,
523 2769 568 2846 ὡς
590 2767 628 2834 δὲ
650 2770 670 2854 η
691 2774 760 2834 ΡΠ
772 2770 855 2856 πρὸς
873 2770 934 2853 τὴν
953 2767 1029 2853 ΠΞ,
1052 2767 1161 2846 οὕτως

94 2887 127 2935 25
147 2876 167 2960 η
191 2879 252 2940 ΡΟ
273 2874 356 2958 πρὸς
379 2876 440 2958 την
459 2880 539 2958 ΟΛ,
561 2875 732 2942 τουτέστιν
754 2875 775 2959 ἡ
795 2880 860 2940 ΡΣ
875 2875 980 2952 οὕτως
996 2877 1081 2961 πρὸς
1098 2879 1161 2962 τὴν

146 2986 233 3048 ΣΝ·
257 2979 466 3066 παράλληλος
488 2984 552 3068 άρα
575 2993 614 3068 τη
632 2982 742 3066 ΝΞη
766 2987 846 3047 ΣΠ.
888 2981 946 3048 ἐάν
968 2983 1010 3066 θη
1032 2984 1160 3065 νοήσω-

148 3147 218 3155 ⁹——

218 3252 242 3299 2.
261 3244 324 3318 μέν]
344 3262 398 3299 om.
416 3263 443 3314 p.
516 3243 1159 3317 3.ἡΔΒ-4.ούτως]οωι,λίο,ἥτεΔΒ

147 3317 216 3386 πρὸς
230 3314 344 3373 ΒΓκαί
362 3334 394 3387 p;
414 3333 482 3370 corr.
497 3315 600 3372 Comm.
655 3325 681 3374 4.
700 3317 751 3386 τήν
760 3316 843 3388 (alt.)]
859 3333 912 3371 om.
922 3333 948 3386 p.
1005 3322 1029 3373 ³1.
1051 3317 1117 3389 ΓΘ]
1131 3336 1158 3387 p,

149 3393 197 3444 ΓΔ
216 3388 289 3445 Ve.·
360 3393 401 3444 14.
425 3387 460 3460 ἡ]
479 3405 564 3459 supra
583 3406 633 3444 εοτ.
652 3407 678 3460 p.
770 3393 811 3444 15.
830 3385 969 3461 γενέσθω]
988 3386 1113 3460 γινέσθω
1130 3407 1157 3459 p.

184 3465 225 3514 16.
247 3461 307 3533 ΓΒ]
326 3478 357 3531 p,
379 3465 428 3515 ΓΒ
447 3459 494 3513 uel
514 3463 742 3530 PZ,Pecorr.
761 3477 797 3515 m.
818 3466 842 3531 1,
861 3459 1036 3532 V‚-mg.;
1062 3465 1113 3515 ΓΖ
1131 3478 1156 3528 v,

169 3531 220 3590 ἵῗίλ
243 3548 265 3585 ο,
342 3537 384 3586 20.
405 3531 446 3604 Σ]
466 3547 481 3585 e
500 3548 568 3588 corr.
587 3551 623 3588 m.
645 3538 659 3586 1
679 3549 701 3589 ο.
774 3537 819 3589 23.
837 3529 902 3605 καί]
922 3550 976 3590 om.
994 3551 1021 3602 p.
1094 3529 1156 3604 μέν]
