2574 3934
388 174 438 224 DE
458 174 634 227 suenoni:
653 175 832 229 OYLINDRI.
1074 178 1117 242 35

94 317 164 398 est,
178 314 265 380 intra
278 316 620 402 parallelogrammum
634 319 728 383 cadet
741 324 774 383 et
788 321 828 384 ad
843 320 979 385 alteram
990 329 1117 406 partem

96 422 286 505 superficiei
308 423 468 506 producta
490 445 509 487 a
529 424 834 511 parallelogrammo
853 427 889 490 in
907 428 987 492 duas
1005 435 1115 514 paries

94 528 254 612 aequales
277 529 447 595 secabitur.

171 634 217 699 sit
256 635 433 722 cylindrus,
474 637 565 702 cuius
606 638 701 702 bases
739 639 805 703 sint
841 639 953 704 circuli
991 649 1037 727 A,
1076 649 1115 730 B,

93 741 444 829 parallelogrammum
472 747 581 807 aulem
607 766 666 828 per
694 767 786 809 axem
809 746 954 830 posilum
979 753 1056 834 ΓΔ,
1083 756 1117 816 el

528 850 564 912 in
596 851 765 934 superficie
797 852 933 936 cylindri
968 862 1117 921 sumatur

372 920 472 1077 ΑΗΔ
526 961 684 1040 punctum
699 957 830 1040 aliquod
844 963 884 1042 E,
902 960 942 1024 ab
957 965 989 1024 E
1006 967 1116 1027 autem

526 1068 615 1126 recta
647 1064 783 1128 ducatur
814 1065 971 1148 parallela
1007 1073 1114 1134 rectae

526 1169 653 1234 cuidam
689 1172 729 1235 ad
768 1168 865 1257 PA1)
902 1172 1007 1240 basim
1043 1199 1116 1261 par-

527 1276 761 1362 allelogrammi
777 1279 1044 1369 perpendiculari,
1059 1285 1116 1350 sil-

526 1405 587 1467 que
602 1389 678 1449 EZ.
703 1385 783 1468 dico,
802 1389 925 1450 rectam
939 1392 1008 1454 ΕΖ
1026 1391 1114 1458 intra

524 1490 865 1576 parallelogrammum
900 1496 964 1556 ΓΔ
1001 1498 1113 1564 cadere

526 1602 558 1661 ec
577 1598 617 1661 ad
634 1597 770 1661 alteram
788 1601 913 1681 partem
933 1604 1114 1684 superficiei

524 1705 716 1788 productam
753 1727 771 1767 a
808 1703 1113 1793 parallelogrammo

524 1811 560 1872 in
578 1811 657 1875 duas
675 1815 784 1895 parles
808 1814 957 1895 aequales
982 1817 1093 1882 secari.

590 1940 650 2001 per
666 1922 823 2001 punctum
839 1922 871 1981 E
888 1915 941 1983 axi
958 1915 1114 1999 parallela

403 2014 412 2049 ·’
525 2024 661 2088 ducatur
692 2027 780 2088 reeta
814 2027 921 2089 ΘΕΗ
954 2022 1113 2088 ambitum

524 2130 612 2194 basis
644 2129 680 2192 in
711 2134 740 2195 Θ
771 2152 898 2216 secans,
933 2135 966 2194 el
996 2152 1054 2214 per
1085 2134 1114 2195 Θ

525 2237 661 2301 ducatur
682 2239 750 2301 ΘΚ
769 2237 923 2320 parallela
946 2241 1053 2301 rectae
1073 2238 1114 2301 ad

526 2346 591 2408 ΓΑ
608 2344 874 2429 perpendiculari,
893 2344 945 2408 curi
958 2343 1113 2426 parallela

94 2450 271 2536 supposita
302 2455 353 2514 esi
383 2454 460 2529 ΕΖ;
495 2454 561 2514 ΘΚ
591 2450 693 2534 igilur
725 2454 758 2514 et
786 2449 859 2533 ipsa
891 2453 1014 2513 rectam
1047 2451 1112 2514 ΓΛ

96 2557 233 2623 secabit.
266 2557 403 2621 ducalur
416 2557 518 2642 igitur
532 2579 589 2641 per
604 2560 643 2621 H
645 2560 688 2640 Θ,
704 2558 772 2620 ΘΚ
782 2555 915 2640 planum
930 2555 1111 2640 cylindrum

96 2686 215 2730 secans
239 2663 422 2746 efficiatque
444 2663 785 2749 parallelogrammum
807 2666 896 2746 HN,
919 2667 953 2726 et
975 2663 1113 2727 ducatur

98 2775 170 2835 ΚΛ
194 2769 373 2835 communis
398 2770 499 2835 sectio
522 2770 900 2856 parallelogrammorum
924 2771 1003 2854 ΓΔ,
1028 2773 1113 2835 ΝΗ.

99 2875 255 2963 quoniam
277 2877 380 2962 igilur
398 2881 476 2960 EZ,
494 2880 529 2941 Κ
534 2881 562 2941 Θ
585 2876 689 2942 eidem
710 2882 815 2942 rectae
834 2876 1008 2961 parallelae
1027 2880 1112 2953 sunt,

100 2985 202 3050 etiam
227 2985 313 3048 inter
341 3006 375 3049 se
404 2988 480 3048 sunt
507 2983 680 3069 parallelae
704 2983 809 3067 [Euol.
832 2981 888 3066 XI,
912 2981 962 3069 9];
989 2987 1021 3047 el
1047 2984 1115 3046 ΘΚ

99 3093 136 3156 in
163 3092 260 3176 plano
283 3094 358 3155 KH
381 3091 490 3176 posita
517 3095 580 3175 est3
607 3091 717 3174 iiaque
745 3089 844 3154 etiam
867 3093 930 3154 ΕΖ
955 3089 991 3152 in
1012 3087 1110 3173 plano

100 3201 178 3264 KH
204 3199 313 3283 posita
344 3203 402 3262 est.
451 3198 609 3283 produoia
640 3197 741 3282 igilur
769 3199 831 3260 ΕΖ
858 3195 894 3259 in
922 3198 992 3259 ΛΚ
1017 3193 1111 3271 cadit,

174 3464 200 3532 1)
218 3461 363 3516 LitteraA
381 3461 501 3517 fortasse
520 3465 618 3517 contra
637 3460 747 3516 codices
765 3458 795 3514 in
814 3456 933 3513 termino
952 3458 1045 3511 rectae
1060 3474 1111 3526 po-

99 3533 194 3590 nenda
212 3532 264 3605 <ita
283 3533 406 3606 Comm).
446 3537 478 3588 N
499 3550 551 3590 om.
571 3534 632 3603 Vv,
655 3532 743 3587 habet
760 3550 791 3601 p;
815 3547 865 3599 pro
885 3535 908 3583 Α
927 3527 957 3581 in
975 3529 1001 3584 V
1019 3532 1062 3584 ast
1080 3535 1111 3584 A.

938 3617 951 3646 ⁸

916 3622 931 3672 3
