2488 3938
174 197 238 260 134
489 202 576 252 ΠΕΡΙ
594 201 722 253 κακον
740 203 876 258 ΤοαΗΣ.

656 405 698 464 η.

236 500 314 568 Ἐἄν
341 503 377 568 έν
404 505 500 593 κώνῳ
528 503 621 592 ὀρθῷ
649 505 686 569 τὸ
713 506 769 570 διὰ
792 514 852 570 τοῦ
875 504 993 584 ἄξονος
1020 508 1186 590 τρίγωνον

171 606 326 691 μέγιστον
344 605 365 696 ᾗ
383 611 518 676 ττᾶντων
536 623 603 676 τῶν
621 611 712 688 έκτὸς
729 620 789 677 τοῦ
804 610 921 689 ἄξονος
935 611 1185 696 συνισταμένων

172 717 360 802 τριγώνων,
388 717 406 783 ὁ
429 716 518 796 ἄξων
540 727 600 782 τοῦ
623 720 734 783 κώνου
757 719 818 783 οὐκ
842 718 991 784 ἐλάσσων
1015 722 1101 783 ἔσται
1123 727 1184 800 τῆς

136 821 206 886 οέκ
229 832 288 888 τοῦ
312 823 452 909 κέντρου
476 834 533 908 τῆς
555 825 690 907 βάσεως.

239 933 321 994 έστω
345 942 461 1016 κῶνος,
486 928 526 997 οὗ
549 934 679 1015 κορυφὴ
703 928 763 1016 μὲν
786 933 822 996 τὸ
842 937 885 1014 Α,
908 929 996 1008 ἄξων
1020 929 1056 996 δὲ
1078 931 1182 1014 ἡΑΒ

171 1036 302 1119 εὐθεῖα,
330 1036 426 1120 βᾶσις
449 1034 485 1102 δὲ
509 1037 526 1103 ὁ
549 1036 625 1123 περὶ
647 1040 684 1103 τὸ
709 1042 737 1102 Β
764 1037 902 1124 κέντρον
924 1039 1059 1121 κύκλος,
1086 1039 1119 1102 τὸ
1144 1033 1182 1100 δὲ

171 1143 227 1206 διὰ
250 1151 310 1208 τοῦ
329 1141 446 1220 ἄξονος
464 1148 628 1230 τρίγωνον
646 1146 683 1209 τὸ
700 1149 799 1209 ΑΓΛ
817 1144 973 1229 μέγιστον
991 1145 1031 1210 ὂν
1050 1146 1181 1210 πάντων

171 1261 237 1313 τῶν
266 1249 302 1314 έν
329 1259 373 1337 τῷ
405 1252 501 1338 κώνῳ
530 1249 780 1334 συνισταμένων
807 1253 981 1336 τριγώνων
1005 1251 1095 1328 έκτὸς
1119 1259 1179 1315 τοῦ

118 1368 152 1416 10
171 1353 297 1433 ἄξονος.
347 1355 447 1440 λέγω,
475 1357 526 1422 ὅτι
550 1357 570 1440 ἡ
594 1364 626 1422 Α
633 1362 660 1422 Β
689 1359 750 1422 οᾶκ
774 1357 864 1423 ἐστιν
892 1357 1037 1424 έλᾶττων
1064 1368 1119 1443 τῆς
1143 1357 1179 1421 έκ

170 1470 230 1526 τοῦ
253 1461 402 1550 κέντρου.

237 1571 267 1634 εί
293 1570 356 1656 γὰρ
385 1571 545 1654 δυνατόν,
579 1573 660 1636 έστω
690 1570 848 1655 ἐλάττων,
881 1571 935 1636 καὶ
958 1574 1053 1656 ἤχθω
1077 1571 1177 1657 ἐντῷ

169 1677 278 1764 κύκλῳ
311 1679 394 1764 πρὸς
422 1677 529 1763 ὀρθὰς
555 1687 595 1763 τῇ
623 1680 684 1742 ΓΔ
711 1678 731 1762 ἡ
759 1681 832 1743 ΒΕ.
885 1677 940 1743 καὶ
969 1677 1038 1744 ἐπεὶ
1069 1677 1088 1761 ἡ
1114 1677 1175 1742 ὑπὸ

170 1787 273 1848 ΑΒΕ
295 1787 400 1867 γωνία
423 1784 512 1870 ὀρθή
535 1783 639 1867 έστιν,
667 1785 687 1868 ἡ
711 1787 775 1872 ἄρα
798 1787 837 1850 τὰ
861 1792 902 1869 Α,
921 1790 952 1849 Ε
973 1797 1090 1871 σημεῖα
1112 1784 1174 1848 έτιι-

119 1900 151 1948 15
172 1892 375 1972 ζευγνύουσα
399 1891 514 1957 εὐθεῖα
533 1894 651 1975 μείζων
670 1889 739 1957 ἐστὶ
758 1901 816 1976 τῆς
834 1893 870 1957 ἐκ
887 1901 948 1957 τοῦ
966 1891 1105 1978 κέντρου
1122 1900 1174 1973 τῆς
1230 1893 1231 1936 λ

169 2000 241 2060 ΒΕ.
275 1997 333 2062 ἐὰν
352 1999 416 2084 ἄρα
436 2003 489 2079 ίση
509 2007 548 2082 τῇ
568 1997 603 2061 ἐκ
621 2006 681 2062 τοῦ
701 1995 841 2081 κέντρου
857 1998 919 2064 ἀπὸ
935 2008 994 2063 τοῦ
1010 2006 1042 2064 Α
1059 1999 1122 2063 ὑπὸ
1137 2006 1173 2081 τῇ

168 2103 233 2167 ὑπὸ
249 2107 353 2182 ΑΒΕ
365 2107 471 2190 γωνίᾳ
485 2102 687 2189 έναρμοσθῇ,
706 2104 826 2188 μεταξὺ
840 2117 987 2170 πεσεῖται
1000 2117 1068 2171 τῶν
1082 2109 1109 2170 Β
1122 2100 1171 2168 καλ

168 2213 200 2272 Ε
221 2212 373 2294 σημείων.
411 2208 607 2295 ἐνηρμόσθω
627 2211 647 2293 ἡ
668 2214 734 2274 ΑΖ
758 2217 811 2294 ίση
835 2222 874 2297 τῇ
898 2211 933 2277 έκ
951 2221 1012 2278 τοῦ
1031 2211 1171 2292 κέντρου,
1229 2239 1230 2248 ¹

169 2313 224 2380 καί
247 2317 303 2381 διὰ
330 2326 390 2381 τοῦ
416 2321 443 2381 Ζ
470 2318 559 2402 παρὰ
584 2319 646 2401 την
670 2320 731 2382 ΓΔ
758 2319 853 2401 ἤχθω
877 2319 897 2402 η
921 2323 1006 2402 ΗΘ,
1035 2318 1089 2384 καὶ
1111 2318 1171 2383 έτε-

117 2433 151 2480 20
171 2424 296 2506 ζεύχθω
320 2423 340 2507 ἡ
365 2429 447 2489 BH·
476 2425 647 2507 γενήσεται
671 2425 723 2508 θη,
747 2424 791 2500 ώς
815 2425 851 2490 έν
874 2434 919 2511 τῷ
943 2423 971 2489 ε’
991 2427 1172 2512 θεωρήματι

128 2605 129 2608 ¹
169 2529 318 2613 ἐδείχθη,
340 2533 381 2595 τὰ
406 2535 521 2614 ΑΒΖ,
540 2534 579 2594 Η
582 2534 644 2594 ΒΖ
668 2533 814 2617 τρίγωνα
837 2531 948 2615 ὅμοια,
976 2530 1033 2596 καὶ
1057 2538 1122 2596 ίσαι
1143 2529 1174 2594 αί

168 2634 334 2719 ὁμόλογοι,
357 2635 412 2701 καὶ
436 2638 480 2713 ίος
502 2636 522 2720 ἡ
548 2641 613 2700 ΖΑ
636 2639 719 2723 πρὸς
736 2642 813 2720 ΑΒ,
838 2638 943 2714 οὕτως
965 2637 985 2720 ἡ
1007 2643 1082 2702 ΒΗ
1098 2637 1172 2721 πρὸς

168 2744 247 2823 ΗΖ,
270 2741 440 2808 τουτέστιν
464 2743 484 2825 ἡ
505 2747 565 2807 ΓΒ
589 2743 672 2828 πρὸς
690 2747 767 2808 ΗΖ.
804 2745 840 2809 τὸ
860 2745 924 2830 ἄρα
941 2744 1007 2809 ὑπὸ
1028 2742 1175 2827 ΑΒ,ΒΓ
1228 2747 1229 2801 λ

170 2853 244 2911 ίσον
267 2846 337 2912 έστλ
355 2857 400 2935 τῷ
418 2847 483 2912 ὑπὸ
503 2853 535 2911 Α
541 2853 579 2931 Ζ,
595 2853 672 2932 ΖΗ,
696 2847 844 2914 τουτέστι
863 2851 899 2914 τὸ
915 2849 970 2914 dii
991 2859 1051 2914 τοῦ
1066 2849 1172 2928 ἄξονος

115 2965 150 3013 25
169 2957 333 3039 τρίγωνον
353 2961 426 3019 ίσον
445 2953 513 3019 ἐστὶ
532 2965 577 3041 τῷ
593 2960 702 3020 ΑΗΘ
720 2957 884 3043 τριγώνῳ·
905 2957 984 3042 ὅπερ
999 2956 1168 3021 ἀδύνατον·

241 3136 262 3183 1.
282 3129 326 3201 η’]
345 3147 364 3198 p
383 3133 412 3182 ei
430 3148 484 3199 mg.
505 3148 540 3183 m.
561 3146 614 3185 reo.
635 3131 668 3199 V,
689 3147 741 3184 om.
757 3131 814 3200 Vc,
833 3133 862 3184 et
881 3130 921 3185 sic
941 3130 1080 3200 deinceps.
1148 3134 1167 3180 2.

169 3200 212 3271 ἐν]
232 3218 284 3255 om.
300 3218 323 3255 0.
378 3208 403 3256 6.
422 3201 491 3255 Post
510 3197 543 3255 οὗ
563 3199 714 3272 ἀολβᾶοις
733 3207 836 3256 m.lc.
894 3207 935 3257 14.
956 3219 971 3256 ο
991 3204 1166 3274 μεῑα]οω.μ

206 3279 246 3326 16.
260 3280 293 3342 τῇ
308 3271 376 3343 ὑπό]
391 3271 498 3341 scripsi,
512 3272 564 3342 τὴν
573 3271 629 3326 ὑπό
643 3291 671 3341 p,
685 3281 735 3327 τοῦ
744 3272 797 3326 Vc.
860 3279 901 3327 17.
917 3223 1018 3347 γωνίᾳ]
1033 3271 1133 3343 γωνίαν
1144 3287 1165 3354 ρ.

205 3348 246 3396 19.
269 3344 305 3415 Ζ]
325 3359 340 3396 e
359 3361 427 3397 corr.
446 3361 472 3413 p.
550 3349 592 3396 20.
614 3345 685 3415 BH]
705 3347 763 3400 ΗΘ
781 3363 807 3414 p.
890 3351 932 3399 22.
954 3344 1094 3416 ὁμόλογοι]
1113 3342 1166 3410 ὁμο-

169 3414 246 3480 λογοι
264 3412 380 3482 πλευραί
397 3432 424 3483 p.
497 3415 559 3484 ΑΒ]
577 3431 652 3484 vop,
672 3431 740 3469 corr.
760 3432 794 3469 ex
811 3419 866 3471 ΑΘ
884 3434 920 3470 m.
942 3423 955 3470 1
975 3416 1008 3471 V.
1081 3411 1165 3478 οὗτος]

170 3498 268 3551 om.p.
342 3487 679 3557 24.AZ]Zecorr.p.
756 3488 1030 3559 ZH]p,ENVc.
1101 3501 1165 3538 τουτ·

169 3548 238 3622 ἐστι]
256 3553 338 3608 τοῦτό
357 3554 413 3608 ἐστι
432 3573 453 3610 c.
527 3560 569 3610 25.
588 3556 744 3628 ἀδύνατον]
766 3559 798 3612 ἄ·
817 3575 832 3612 e
851 3576 919 3614 corr,
939 3577 966 3630 p.
1226 3555 1227 3576 ¹
