2592 3932
197 162 264 226 248
518 163 750 218 ιιιιειιιοιιον
767 163 902 216 Tomos.

199 315 321 372 ποιοῦν
352 308 389 371 τὸ
420 309 525 372 ΘΑΚ
554 309 719 392 τρίγωνον
752 302 916 382 ἰσοσκελὲς
947 305 987 370 ὃν
1019 303 1072 370 καὶ
1103 305 1208 390 ὀρθὸν

199 414 283 498 πρὸς
305 414 367 496 τὴν
388 412 495 496 βάσιν.
542 411 625 495 λέγω
650 413 700 496 δή,
725 413 785 495 ὅτι,
809 413 854 489 ώς
875 413 913 476 τὸ
932 417 999 476 EA
1006 417 1033 476 Z
1055 409 1207 496 μέγιστον

201 531 270 585 τών
293 520 348 583 διά
370 528 431 584 τοῦ
454 517 570 596 ἄξονος
591 520 675 604 πρὸς
696 520 734 584 τὸ
754 521 851 584 ΓΑΔ
875 518 1047 602 ἐλάχιστον
1068 529 1138 582 τῶν
1156 518 1206 582 διὰ

201 634 261 691 τοῦ
290 625 421 711 ἄξονος,
449 625 535 690 οὕτω
562 627 598 690 τὸ
623 629 721 690 ΓΑΔ
743 627 825 712 πρὸς
848 627 885 690 τὸ
911 629 1017 690 ΘΑΚ
1038 623 1205 698 ἰσοσκελές.

166 747 183 794 5
269 731 338 798 ἐπεὶ
361 734 424 818 γάρ
443 745 509 797 τών
527 736 642 815 ΕΑΖ,
662 734 760 797 ΓΑΔ
778 733 951 818 τριγώνων
969 735 1007 796 αἱ
1022 728 1082 816 μὲν
1100 731 1207 815 βάσεις

202 845 271 904 ἴσαι
304 837 389 904 εἰσὶν
417 840 454 903 αἱ
480 842 553 921 ΓΔ,
581 843 644 902 ΕΖ
672 838 855 924 διάμετροι,
887 839 973 916 ὕψος
1000 835 1037 902 δὲ
1064 847 1124 902 τοῦ
1151 834 1205 922 μὲν

200 951 301 1010 ΕΑΖ
330 946 350 1029 ἡ
378 949 458 1028 ΒΑ,
490 953 550 1009 τοῦ
578 941 614 1010 δὲ
643 947 741 1009 ΓΑΔ
768 944 788 1027 ἡ
815 949 904 1028 ΑΗ,
932 945 978 1021 ώς
1004 947 1068 1030 ἄρα
1097 944 1118 1028 ἡ
1144 948 1206 1007 BA

199 1053 282 1138 πρὸς
306 1055 391 1134 ΑΗ,
419 1050 525 1127 οὕτως
551 1052 588 1115 τὸ
612 1055 713 1115 ΕΑΖ
740 1054 904 1137 τρίγωνον
930 1052 1014 1137 πρὸς
1041 1052 1079 1116 τὸ
1104 1053 1204 1114 ΓΑΔ.

199 1159 301 1222 πάλιν
337 1155 406 1221 ἐπεὶ
441 1169 508 1222 τῶν
540 1160 638 1222 ΓΑΔ
669 1155 724 1222 καὶ
758 1161 863 1222 ΘΑΚ
891 1158 1065 1244 τριγώνων
1097 1156 1204 1221 κοινὸν

145 1277 181 1325 10
200 1264 286 1341 ὕψος
320 1261 410 1328 ἐστὶν
437 1263 457 1346 ἡ
484 1267 571 1346 ΑΗ,
603 1263 699 1347 βάσις
726 1260 762 1328 δὲ
790 1272 849 1328 τοῦ
876 1260 936 1347 μὲν
965 1267 1063 1328 ΓΑΔ
1091 1262 1111 1345 ἡ
1141 1265 1204 1342 ΓΔ,

200 1367 370 1434 τουτέστιν
392 1369 412 1452 ἡ
436 1373 513 1452 ΕΖ,
536 1379 596 1434 τοῦ
619 1366 657 1434 δὲ
682 1374 788 1435 ΘΑΚ
807 1370 827 1453 ἡ
848 1373 927 1453 ΘΚ,
952 1369 996 1446 ὡς
1019 1371 1084 1455 ἄρα
1108 1369 1201 1452 ἡΒΖ

198 1477 282 1562 πρὸς
312 1479 391 1559 ΘΚ,
419 1475 524 1551 οὕτως
550 1477 588 1540 τὸ
612 1478 709 1541 ΓΑΔ
736 1479 900 1562 τρίγωνον
926 1477 1010 1562 πρὸς
1035 1477 1073 1540 τὸ
1101 1475 1203 1540 ΘΑΚ.
1264 1529 1265 1536 ,

200 1580 272 1646 ἀλλ’
294 1582 338 1658 ώς
359 1581 378 1665 ἡ
398 1586 461 1647 ΕΖ
479 1583 561 1668 πρὸς
582 1586 661 1666 ΘΚ,
685 1582 790 1658 οὕτως
808 1584 845 1646 αἱ
860 1581 1015 1666 ἡμίσειαι,
1038 1579 1203 1646 τουτέστιν

200 1688 220 1771 ἡ
248 1693 316 1753 ΒΚ
341 1690 423 1775 πρὸς
450 1693 535 1772 ΚΗ,
563 1688 608 1765 ὡς
634 1685 672 1753 δὲ
699 1688 719 1771 ἡ
743 1692 811 1753 ΒΚ
836 1690 918 1774 πρὸς
940 1692 1027 1772 ΚΗ,
1056 1683 1202 1766 οὕτωςὴ

146 1808 181 1856 15
201 1799 267 1859 BA
293 1796 374 1880 πρὸς
397 1799 482 1859 ΑΗ·
512 1796 608 1879 ὅμοια
636 1795 699 1881 γάρ
722 1796 762 1858 τά
786 1798 906 1878 ΒΗΚ,
934 1799 1040 1859 ΒΗΑ
1063 1798 1201 1880 τρίγωνα
1266 1764 1267 1856 ἄ

200 1901 404 1986 ὀρθογώνια·
432 1900 487 1965 καὶ
515 1902 552 1966 τὸ
581 1902 646 1986 ἄρα
675 1904 777 1966 ΓΑΔ
804 1904 969 1986 τρίγωνον
994 1902 1079 1986 πρὸς
1109 1899 1204 1965 ΘΑΚ

199 2005 300 2089 ἐστιν,
324 2007 369 2082 ὡς
391 2007 411 2090 ἡ
431 2011 497 2071 BA
519 2009 601 2093 πρὸς
623 2011 704 2072 ΑΗ.
745 2001 788 2090 ἦν
811 2004 848 2072 δὲ
869 2006 925 2071 καὶ
947 2008 985 2072 τὸ
1004 2012 1113 2072 ΕΑΖ·
1128 2004 1203 2089 πρὸς

201 2115 316 2196 ΓΑΔ,
336 2112 380 2188 ώς
398 2111 418 2194 ἡ
439 2116 506 2176 BA
524 2115 605 2199 πρὸς
619 2118 704 2179 ΑΗ·
729 2114 774 2190 ὡς
791 2115 855 2200 ἄρα
873 2115 911 2178 τὸ
925 2118 1024 2178 ΕΑΖ
1043 2117 1200 2200 τρίγωνον

199 2220 284 2305 πρὸς
308 2219 345 2282 τὸ
369 2221 486 2301 ΓΑΔ,
510 2220 614 2296 οὕτως
637 2221 674 2285 τὸ
698 2222 800 2285 ΓΑΔ
822 2221 905 2305 πρὸς
928 2221 964 2284 τὸ
990 2223 1107 2285 ΘΑΚ·
1130 2219 1200 2300 ἄτερ

145 2337 180 2386 20
200 2327 266 2391 ἔδει
289 2323 402 2402 δεῖξαι.

672 2484 737 2552 να’.

266 2609 378 2674 Πάλιν
405 2613 503 2693 ἔστω,
531 2609 576 2684 ὡς
601 2610 639 2675 τὸ
663 2614 765 2674 ΕΑΖ
792 2611 875 2695 πρὸς
896 2611 934 2674 τὸ
959 2614 1075 2694 ΓΑΔ,
1103 2609 1199 2680 οὕτως

200 2715 237 2778 τὸ
262 2716 364 2778 ΓΑΔ
390 2716 473 2800 πρὸς
498 2718 608 2779 ΘΑΚ.
654 2715 753 2800 λέγω,
782 2717 832 2781 ὅτι
859 2716 879 2799 ἡ
903 2721 971 2781 ΒΑ
999 2722 1053 2800 ἴση
1078 2714 1144 2782 ἐστὶ
1163 2721 1197 2796 τῇ

201 2818 238 2884 ἐκ
260 2827 320 2883 τοῦ
343 2817 481 2905 κέντρον
505 2829 562 2904 τῆς
584 2821 719 2905 βάσεως.

271 3083 380 3174 ἄκαιρος
394 3082 425 3138 τό
435 3115 469 3124 -
479 3089 504 3138 4.
519 3082 632 3156 ἄξονος]
647 3101 700 3138 om.
711 3101 734 3138 ο.
789 3091 814 3139 4,
829 3081 976 3156 ἰσοσκελές]
996 3085 1163 3146 ὶσοοιιελοοςε
1175 3095 1194 3132 c

199 3155 346 3293 ,μιν
365 3153 469 3279 ια.
489 3156 1070 3298 JBV⁰¹²’105¹}A{·;?·0¹0{·01
1094 3149 1194 3282 μιν

198 3295 314 3365 m.1V‚
335 3300 384 3351 ΓΔ
403 3313 425 3365 ο,
449 3299 564 3352 ΓΑΗΔ
582 3315 608 3352 v.
682 3303 723 3354 11.
742 3306 791 3354 τοῦ
811 3296 859 3371 δέ]
878 3315 946 3353 corr.
962 3314 996 3353 ex
1013 3298 1084 3368 πρός
1101 3301 1192 3352 m.1c.

237 3368 322 3422 ΘΑΚ
357 3384 424 3421 corr.
446 3384 480 3422 ex
500 3371 590 3423 ΘΗΚ
611 3385 647 3423 m.
668 3376 682 3423 l
703 3385 726 3422 c.
807 3371 844 3432 ὡς
862 3369 934 3442 ἄρα]
960 3369 1032 3426 ἔστιν
1051 3371 1106 3439 ἄρα
1123 3369 1192 3432 ώςΡ·

236 3439 553 3520 ΕΖ(ιιτ.)]ΖεοοιιἸ
569 3457 596 3508 p.
653 3437 906 3520 1230231023—13.
923 3441 995 3514 ΘΚ]
1014 3441 1057 3496 bis
1076 3442 1109 3498 V.
1158 3441 1192 3490 13-

201 3507 255 3558 ΕΖ
273 3507 343 3574 πρὸς
363 3510 434 3579 ΘΚ]
454 3509 569 3563 sustuht
587 3509 689 3564 lacuna
707 3529 737 3566 m
757 3527 779 3566 c.
844 3511 980 3585 ἡμίσειαι]
998 3511 1121 3584 ἡμίσειαι
1136 3505 1195 3576 πρὸς
