2488 3938
153 155 196 218 70
422 157 510 209 ΠΕΡΙ
527 156 742 210 ΚΤΛΙΝΔΡΟΤ
761 157 898 210 ΤΟΜΗΣ.

151 323 212 384 μεν
229 309 348 382 κῶνον,
372 295 412 364 οὗ
434 297 531 383 βάσις
550 299 568 365 6
587 298 662 384 περὶ
680 299 858 388 διάμετρον
877 302 938 385 την
958 300 1018 374 ΡΞ
1033 299 1160 380 κύκλος,

152 409 190 472 τὸ
214 403 251 471 δέ
274 407 330 472 διδ
351 415 411 472 τοῦ
434 405 552 484 ἄξονος
573 409 738 492 τρίγωνον
760 408 797 472 τὸ
817 407 925 492 ΣΡΞ,
947 410 1037 474 ἔσται
1056 403 1113 471 καὶ
1131 403 1163 470 ἐν

152 523 198 601 τῷ
222 515 317 602 κώνῳ
340 515 434 598 τομή,
456 508 495 596 ἧς
515 511 689 598 διάμετρός
707 512 796 579 ἐστιν
819 513 840 597 6
862 518 901 579 Ν
904 513 941 589 Ξ.
985 514 1107 599 ὁμοίως
1125 513 1162 594 66

153 632 222 698 τοῖς
247 617 536 708 προδεδειγμένοις
563 621 773 704 δειχθήσεται
800 618 856 685 καὶ
883 620 903 703 6
932 620 1072 707 δευτέρα
1096 616 1163 683 δια’-

117 739 134 787 5
152 752 270 814 μετρος
287 729 307 812 6
326 727 409 810 αύτη
428 721 512 792 οὖσα
529 724 585 791 καὶ
602 735 704 793 πᾶσαι
723 729 760 792 αί
775 725 980 811 τεταγμένως
997 727 1163 812 ἀγόμεναι.

152 834 304 920 τέτμηται
331 836 395 920 ἄρα
422 831 478 899 καὶ
505 833 522 899 6
550 843 656 909 κῶνος
683 844 723 919 τῇ
750 833 833 920 αὐτῇ
862 833 1005 912 ἐλλείψει
1027 841 1089 899 τοῦ
1113 833 1163 896 δο-
1231 871 1232 916 ,

151 941 271 1019 θέντος
292 941 488 1026 κυλίνδρου·
512 940 591 1025 ὅπερ
614 941 680 1005 ἔδει
703 949 848 1024 ποιῆσαι.

625 1196 689 1255 κγ.

218 1299 339 1363 Κύνου
367 1294 527 1373 δοθέντος
550 1294 665 1382 ἐὑρεῖν
688 1297 871 1382 κύλινδρον
894 1296 949 1363 καὶ
973 1307 1082 1382 τεμεῖν
1106 1293 1162 1378 ιἰμ-

100 1417 133 1466 10
153 1403 315 1490 ῳοτέρους
338 1401 388 1468 ἑνὶ
411 1402 553 1491 ἐπιπέδῳ
578 1404 634 1468 διδ
657 1412 714 1488 τῆς
736 1412 838 1488 τομῆς
860 1413 1014 1469 ποιοῦντι
1038 1403 1074 1468 έν
1092 1399 1161 1466 ἑκα-

152 1509 235 1599 τέρῳ
259 1510 374 1596 ὁμοίας
397 1510 566 1588 ἐλλείψεις.

218 1619 370 1684 δεδόσθω
394 1629 510 1700 κῶνος,
534 1613 575 1682 οὗ
592 1616 689 1700 βάσις
706 1613 767 1700 μὲν
788 1616 806 1682 6
825 1616 900 1703 περὶ
919 1618 956 1682 τὸ
976 1623 1008 1683 Α
1027 1615 1160 1701 κέντρον

151 1726 280 1808 κύκλος,
303 1726 436 1810 κορυῳη
455 1720 492 1788 δέ
511 1725 548 1788 τὸ
566 1727 595 1787 Β
614 1734 760 1807 σημεῖον,
783 1725 820 1788 τὸ
840 1720 877 1788 δέ
896 1724 952 1788 διὰ
970 1733 1030 1788 τοῦ
1049 1721 1161 1801 ἄξονος

151 1835 316 1917 τρίγωνον
334 1831 371 1895 τὸ
392 1833 491 1895 ΓΒΔ
509 1832 592 1914 πρὸς
610 1829 717 1914 ὀρθὰς
734 1829 775 1894 ὃν
793 1840 833 1915 τῇ
851 1829 946 1913 βύσει
964 1839 1025 1895 τοῦ
1044 1831 1161 1909 κώνου,

100 1949 132 1999 15
151 1936 206 2002 καὶ
230 1936 441 2020 ἐκβεβλήσθω
465 1934 519 2021 ἐφ’
540 1933 675 2021 ἑκάτερα
697 1934 717 2018 6
739 1939 850 2020 ΑΓΕ,
869 1942 939 2002 ΛΔ
946 1941 982 2020 Ζ,
1005 1935 1162 2020 καὶπρὸς

152 2052 191 2128 τῇ
214 2046 280 2107 ΔΒ
304 2040 359 2107 καὶ
381 2051 427 2131 τῷ
449 2043 533 2127 πρὸς
556 2042 639 2127 αὐτῇ
662 2045 785 2129 σημείῳ
809 2051 855 2130 τῳ
880 2047 909 2107 Β
932 2042 1116 2109 συνεστάτω
1143 2039 1161 2122 6

150 2149 217 2214 ὑπὸ
244 2160 311 2215 τῶν
338 2153 419 2232 ΔΒ,
443 2152 506 2213 ΒΖ
533 2151 638 2231 γωνία
666 2149 739 2231 ἤτοι
766 2151 885 2233 μείζων
914 2144 999 2214 οὖσα
1021 2159 1078 2232 τῆς
1097 2147 1161 2212 ὑπὸ

152 2260 253 2324 ΒΓΔ
280 2255 300 2339 6
328 2255 490 2340 ἐλάσσων,
517 2253 573 2319 καὶ
600 2265 667 2319 τῶν
696 2257 771 2338 ΓΖ,
797 2258 863 2321 ΖΔ
890 2253 971 2340 μέση
999 2255 1161 2336 ἀνάλογον

152 2366 303 2450 είληῳθω
327 2363 347 2446 6
372 2366 455 2445 ΖΗ,
477 2360 532 2428 καὶ
556 2360 739 2445 ἐπεζεύχθω
762 2360 782 2444 6
802 2366 886 2445 ΒΗ,
909 2370 969 2427 τοῦ
993 2358 1030 2426 δέ
1054 2365 1160 2445 ζητου-

99 2484 134 2532 20
152 2472 254 2556 μένου
281 2472 463 2555 κυλίνδρου
491 2469 588 2553 ῥύσις
615 2471 697 2534 ἐστω
724 2469 798 2550 ἤτοι
825 2467 842 2533 6
871 2474 903 2534 A
925 2469 1047 2544 κύκλος
1069 2467 1089 2551 6
1110 2463 1161 2531 καί

152 2581 251 2654 ἄλλος
279 2601 329 2655 τις
355 2576 392 2642 ἐν
419 2586 464 2663 τῷ
492 2576 582 2663 αὐτῷ
611 2573 753 2662 ἐπιπέδῳ
781 2583 827 2662 τῷ
855 2579 888 2639 Α
912 2575 1037 2662 κύκλῳ·
1066 2569 1161 2640 οὐδὲν

152 2685 216 2768 γὰρ
240 2684 367 2748 διοίσει.
413 2685 495 2747 ἐστω
519 2683 561 2766 66
584 2682 602 2748 6
625 2679 701 2767 περὶ
723 2683 784 2765 την
806 2685 873 2746 ΕΘ
895 2681 1088 2767 διάμετρον,
1110 2678 1160 2746 καί

153 2790 210 2854 διδι
223 2801 289 2853 τῶν
302 2793 343 2873 Ε,
355 2792 384 2852 Θ
397 2791 540 2872 σημείων
558 2789 762 2873 παράλληλοι
781 2796 820 2874 τῇ
837 2791 911 2853 ΒΗ
920 2788 1038 2876 εὐθείᾳ
1057 2790 1161 2873 ἤχθω-

153 2912 217 2961 σαν
245 2895 282 2959 αί
301 2898 381 2978 ΕΚ,
407 2899 484 2959 ΘΛ·
512 2894 549 2960 έν
576 2904 621 2982 τῷ
646 2894 734 2982 αύτῷ
757 2896 822 2979 ἄρα
845 2891 931 2960 είσὶν
954 2893 1097 2984 ἐπιπέδῳ
1120 2902 1160 2982 τῷ

154 3057 367 3070 σι-ν--ῌ-

225 3168 249 3217 2.
268 3158 417 3231 τρίγωνον]
436 3170 581 3228 τρῑγωνον,
600 3169 661 3227 τρῖγ
676 3173 691 3211 e
705 3174 774 3212 corr.
789 3176 825 3212 m.
842 3163 866 3227 1,
885 3157 919 3213 V.
993 3163 1017 3212 3.
1037 3158 1119 3230 τομή]
1137 3176 1161 3227 p,

153 3242 238 3303 τομῆς
256 3233 309 3288 Vc.
384 3235 407 3285 7.
427 3227 495 3298 ὅπερ
516 3228 572 3283 έδει
590 3230 718 3300 ποιησαι]
738 3245 791 3284 om.
810 3248 837 3299 p.
918 3233 942 3282 8.
963 3229 1022 3301 κγ’]
1042 3230 1090 3300 νβ’
1109 3247 1159 3298 mg.

153 3322 189 3358 m.
208 3319 262 3358 rec.
281 3304 315 3359 V.
398 3307 439 3355 14.
460 3299 504 3372 δν]
523 3318 555 3369 p,
580 3299 610 3354 ἐν
628 3300 681 3355 Vc.
764 3300 1161 3372 15.6APE‚AAZ]6PA

154 3373 280 3428 κατὰτὰ
299 3377 324 3428 Ε
342 3372 391 3429 καλ
412 3376 433 3426 Ζ
452 3379 551 3440 σημεῖα
569 3388 597 3439 p.
670 3376 712 3425 16.
731 3372 777 3442 τῇ]
796 3371 848 3440 τήν
865 3389 893 3440 p,
968 3376 1009 3426 17.
1029 3380 1085 3426 τῶν
1103 3375 1159 3438 ΔΒ,
1235 3405 1236 3408 =

155 3445 223 3513 ΒΖ]
242 3449 324 3498 ΔΒΖ
341 3462 368 3512 p.
461 3446 501 3495 19,
526 3439 665 3511 εἰλήφθω]
691 3440 757 3496 ἔστω
775 3460 802 3511 p.
893 3447 935 3496 λλ,
960 3441 1012 3514 δή]
1037 3439 1070 3496 δέ
1088 3442 1159 3512 ch,
1235 3477 1236 3488 ,

156 3528 224 3566 corr.
243 3514 346 3582 Halley
364 3531 428 3567 cum
446 3511 551 3567 Oomm.
623 3515 666 3566 23.
687 3515 745 3564 BH
761 3509 872 3586 εὐθείᾳ]
893 3517 948 3567 ΗΒ
968 3514 1079 3568 εὐθεῖαι
1096 3531 1123 3582 p.
1235 3541 1236 3562 ι
