2488 3938
162 102 226 166 104
429 103 516 154 11E1>1
533 103 747 155 Κυαιαιεον
765 104 900 156 ΤοαΗΣ.

159 249 218 311 καί
243 244 332 310 ἐστιν
361 251 413 329 ίση
441 246 461 330 ἡ
484 251 548 311 ΕΖ
571 256 610 332 τῇ
632 250 673 311 Η
676 251 717 311 Θ·
746 252 799 330 ίση
823 248 888 332 ἄρα
909 243 965 310 καὶ
988 243 1007 328 ἡ
1032 249 1119 308 AM
1137 257 1173 330 τῇ

159 357 199 418 Ν
201 351 238 425 Ξ.
284 350 348 417 είσὶ
375 349 412 416 δὲ
434 349 490 416 καὶ
512 353 728 438 παράλληλοι·
753 352 962 439 παράλληλος
984 353 1050 437 ἄρα
1074 349 1134 416 καὶ
1156 351 1174 433 ἡ

160 458 235 531 ΜΞ
254 459 368 524 εὐθεῖα
390 467 430 544 τῇ
453 463 533 523 ΛΝ.

223 563 300 630 Ἐὰν
332 565 373 648 δὴ
403 566 439 629 τὸ
467 561 527 648 μέν
554 568 590 628 K
616 572 751 650 σημεῖον
780 565 988 649 ὑποθώμεθα
1017 558 1110 628 εἶναι
1139 564 1174 627 τὸ

124 684 141 731 5
160 675 312 756 φωτίζον,
330 672 367 736 τὸ
387 668 423 735 δὲ
441 678 474 735 A
480 674 512 735 Γ
524 674 866 758 παραλληλόγραμμον
884 673 921 736 τὸ
941 670 1175 757 ἐπιπροσθοῦν

159 790 231 854 ταῖς
260 777 403 861 ἀκτῖσιν,
433 783 497 842 εἴτε
524 776 602 843 καθ’
635 777 715 843 αὑτὸ
746 784 797 861 εἴη
827 784 890 843 εἴτε
923 777 959 842 ἐν
991 777 1174 864 κυλίνδρῳ,

160 887 359 969 συμβήσεται
381 885 439 961 τὰς
461 884 525 949 ἀπὸ
548 893 608 949 τοῦ
631 888 659 948 Κ
677 888 876 968 φωτίζοντος
898 883 1034 961 ἀκτῖνας
1059 883 1173 967 ἐκβαλ-

158 990 299 1075 λομένας
326 991 494 1077 ὁρίζεσθαι
518 1001 557 1076 τῇ
580 1013 614 1055 τε
638 994 713 1056 ΜΛ
735 989 790 1056 καὶ
812 999 852 1076 τῇ
875 990 945 1064 ΝΞ
966 991 1097 1078 εὐθείᾳ,
1120 986 1172 1053 καὶ

158 1099 196 1162 τὸ
210 1094 329 1181 μεταξὺ
343 1108 410 1161 τῶν
423 1101 509 1181 ΜΛ,
523 1096 594 1170 ΞΝ
603 1100 822 1183 παραλλήλων
837 1095 1054 1182 έσκιασμένον
1074 1099 1172 1162 ἔσται.

108 1215 142 1264 10
227 1203 278 1268 ὅτι
306 1199 367 1287 μὲν
394 1198 456 1269 οὖν
478 1203 686 1289 παράλληλος
707 1202 763 1268 καὶ
784 1202 805 1285 ἡ
829 1209 900 1269 AA
922 1213 961 1288 τῇ
986 1206 1049 1268 ΓΒ
1074 1199 1170 1282 καὶὴ

158 1313 230 1374 NA
254 1319 293 1394 τῇ
317 1309 402 1393 ΞΜ,
426 1308 600 1374 δέδεικται·
628 1310 669 1374 οὐ
692 1311 757 1394 μὴν
779 1307 835 1374 καὶ
858 1309 944 1374 οὕτω
968 1318 1171 1394 φανοῦνται·

158 1426 226 1480 τῶν
248 1416 311 1503 γὰρ
330 1421 418 1499 ΛΜ,
437 1421 476 1482 Ν
478 1415 508 1490 Ξ
528 1417 731 1481 διαστάσεων
749 1415 769 1498 ἡ
789 1415 964 1502 ἐγγύτερον
986 1425 1046 1500 τῆς
1065 1419 1170 1493 ὅψεως

158 1525 276 1606 μείζων
299 1526 464 1608 φαίνεται·
494 1531 597 1588 ταῦτα
620 1519 657 1586 δὲ
679 1524 926 1608 παρειλήφαμεν
950 1522 986 1586 ἐκ
1009 1534 1079 1587 τῶν
1100 1520 1168 1586 Ὀπ-

158 1641 267 1695 τικών.

106 1747 140 1796 15
223 1735 352 1820 Ἐπειδὴ
381 1733 417 1800 δὲ
445 1737 683 1821 παρακείμενόν
708 1734 776 1800 ἐστι
799 1733 854 1800 καὶ
876 1732 952 1821 περὶ
974 1743 1035 1800 τοῦ
1058 1735 1166 1799 κώνου

158 1849 328 1929 θεωρῆσαι
355 1843 392 1907 τὸ
416 1843 531 1926 ὅμοιον
554 1842 669 1907 διὰτὸ
692 1843 807 1906 κοινὸν
829 1835 914 1906 εἶναι
937 1842 999 1925 τὴν
1023 1845 1167 1917 ἔλλειψιν

158 1958 219 2014 τοῦ
242 1972 277 2013 τε
294 1949 404 2012 κώνου
422 1946 478 2012 καὶ
495 1955 555 2012 τοῦ
574 1949 767 2034 κυλίνδρου,
785 1951 936 2012 ἔσκεπται
959 1944 996 2012 δὲ
1014 1946 1092 2033 περὶ
1110 1949 1165 2008 τοῦ

158 2055 355 2140 κυλίνδρου,
379 2052 459 2140 φέρε
481 2052 536 2118 καὶ
559 2052 633 2140 περὶ
656 2063 716 2119 τοῦ
738 2055 848 2119 κώνου
872 2055 1079 2138 σκεψώμεθα.

631 2247 693 2313 λα’.

106 2385 141 2435 20
224 2373 300 2439 Ἐὰν
318 2374 483 2460 τριγώνου
503 2379 617 2459 ληφθῇ
636 2385 771 2458 σημεῖον
790 2373 891 2457 ἐκτός,
913 2371 968 2438 καὶ
987 2372 1044 2438 ἀπ’
1065 2373 1163 2438 αὐτοῦ

160 2481 248 2566 ἀχθῇ
275 2504 325 2558 τις
352 2482 466 2546 εὐθεῖα
493 2479 657 2564 τέμνουσα
683 2482 721 2544 τὸ
748 2483 926 2566 τρίγωνον,
954 2479 1018 2545 ιἰπὸ
1047 2478 1084 2545 δὲ
1111 2483 1162 2558 τῆς

159 2596 309 2673 κορυφῆς
327 2586 379 2653 ἐπὶ
397 2591 459 2672 την
476 2589 575 2671 βάσιν
594 2586 681 2672 ἄχθη
700 2609 750 2663 τις
768 2584 860 2673 ἑτέρα
874 2587 990 2651 εὐθεῖα
1004 2587 1162 2672 τέμνουσα

159 2694 221 2777 τὴν
244 2692 422 2777 διηγμένην
446 2694 564 2778 οὕτως,
587 2695 670 2758 ὥστε
693 2696 792 2777 ἔχειν,
815 2693 860 2769 ὡς
883 2694 942 2776 ὅλη
965 2694 985 2777 η
1009 2689 1160 2778 διηγμένη

160 2799 242 2883 πρὸς
268 2800 329 2881 την
353 2798 443 2875 ἐκτὸς
465 2808 525 2864 τοῦ
547 2801 727 2886 τριγώνου,
755 2799 859 2875 οὕτως
881 2808 939 2883 της
962 2799 1055 2878 ἐντὸς
1077 2800 1161 2864 ἄπει·
1229 2819 1230 2858 f

107 2915 142 2965 25
162 2904 325 2991 λημμένης
351 2906 388 2970 τὸ
416 2910 525 2991 μεῖζον
551 2915 659 2991 τμῆμα
681 2907 763 2992 πρὸς
785 2907 822 2970 τὸ
846 2909 986 2971 ἔλασσον
1008 2905 1063 2971 καὶ
1085 2903 1160 2989 πρὸς

159 3023 205 3101 τῷ
238 3012 330 3089 ἐκτὸς
361 3020 420 3076 τοῦ
452 3015 617 3100 τριγώνου
649 3016 813 3097 κείμενον,
845 3013 916 3096 ἥτις
946 3011 988 3077 δν
1016 3013 1079 3078 ἀπὸ
1105 3013 1160 3075 τοῦ

159 3118 347 3204 ληφθέντος
375 3122 510 3204 σημείου
536 3119 624 3206 ἀχθῇ
648 3120 763 3184 εὐθεῖα
794 3118 959 3203 τέμνουσα
985 3122 1022 3185 τὸ
1051 3122 1157 3207 τρίγο-

158 3249 234 3311 νον,
260 3224 425 3308 ἀνάλογον
453 3229 543 3291 ἔσται
569 3224 748 3310 τετμημένη
771 3224 836 3291 ὑπὸ
859 3235 917 3310 τῆς
939 3225 1081 3310 ἠγμένης
1102 3220 1157 3289 ἀπὸ
1229 3219 1230 3250 ³

230 3387 254 3435 4.
274 3377 361 3454 εἶναι]
379 3398 430 3450 vc,
450 3402 493 3436 -v-
512 3397 591 3435 euan.
606 3381 638 3437 V.
708 3387 732 3436 8.
753 3384 831 3506 MAI}
850 3385 904 3436 NA
922 3381 1033 3454 Halley.
1091 3375 1155 3446 NE]

160 3453 225 3510 ΜΞ
239 3451 349 3520 ΗαΙΙογ.
422 3458 446 3507 9,
467 3456 536 3520 ΜΛ,
551 3454 626 3524 ΞΝ]
648 3454 710 3521 NA,
725 3455 789 3513 ΜΞ
832 3453 907 3522 alley
925 3453 1028 3524 (male).
1095 3453 1156 3507 ἐσκι-
