2592 3932
184 161 250 224 260
493 163 581 214 ΠΕΡΙ
598 161 727 215 ΚΩΝΟΤ
745 163 881 215 ΤΟΜΗΣ.

185 308 297 370 ΒΑΓ·
321 306 358 369 αι’
378 307 442 392 ἄρα
464 305 529 370 ὑπὸ
553 310 669 390 ΒΔΕ,
693 309 798 370 ΒΑΓ
817 303 986 382 ἐλάττονές
1009 307 1073 370 είσι
1099 306 1197 370 δυοῖν

184 411 310 497 ὀρθῶν.
360 410 424 477 εἰσὶ
454 408 491 476 δέ
518 413 555 476 αί
579 412 645 477 ὑπὸ
674 415 789 496 ΒΔΓ,
822 415 927 477 ΒΑΓ
949 411 1048 478 δυσὶν
1076 412 1197 499 ὀρθαῖς

186 525 266 583 coa.-
291 521 328 584 ac
348 520 413 605 αρν
435 519 501 583 ονε
525 522 639 603 ΒΑΓ,
663 522 768 583 ΒΑΓ
785 529 853 584 ιον
875 518 942 584 οπο
965 523 1078 604 m.
1099 523 1201 584 ΒΑΓ

184 624 329 710 μείζονές
347 631 420 690 εἱσι.
457 623 514 690 καὶ
531 633 645 708 κοινῆς
659 625 819 712 ἀρθεισης
832 633 891 709 τῆς
903 625 968 690 ὑπὸ
983 629 1091 690 ΒΑΓ
1101 628 1196 709 λοιπὴ

149 731 205 815 δὴ
233 733 298 798 ὑπὸ
323 735 428 797 ΒΑΓ
449 741 508 815 τῆς
535 732 600 796 ὑπὸ
624 736 729 797 ΒΔΕ
754 735 873 817 μείζων
896 732 996 798 ἐστίν.
1043 730 1116 798 ἐπεὶ
1139 729 1198 798 οὖν
1268 777 1269 780 =

185 845 239 923 ἴση
268 837 440 924 ἡΛΓτῇ
464 843 546 922 ΛΕ,
574 840 669 922 κοινὴ
694 835 732 903 δὲ
754 837 774 921 η
797 843 879 923 ΛΒ,
908 836 990 921 ἡδὲ
1012 839 1079 904 ὑπὸ
1106 843 1197 904 ΓΔΒ

184 955 242 1029 τῆς
269 946 334 1010 ὑπὸ
359 950 463 1010 ΒΔΕ
488 948 620 1030 μειῖων,
647 943 703 1009 καὶ
730 944 750 1027 ἡ
777 949 838 1010 ΓΒ
866 947 931 1031 ἄρα
957 947 1054 1029 βάσις
1082 949 1198 1031 μείζων

185 1050 254 1117 ἐστὶ
276 1061 335 1136 τῆς
359 1057 430 1117 ΒΕ.
476 1050 532 1116 καὶ
555 1050 624 1116 ἐπεὶ
647 1054 684 1116 αἱ
706 1056 787 1136 ΑΒ,
816 1057 881 1117 ΒΕ
902 1053 1031 1118 εὐθεῖαι
1055 1051 1198 1138 μείζονές
1269 1079 1270 1112 1

185 1161 250 1224 είσι
273 1167 330 1242 της
349 1163 431 1241 ΑΕ,
453 1169 521 1222 τῶν
545 1155 582 1222 δέ
601 1162 682 1242 ΑΒ,
703 1163 769 1223 ΒΕ
790 1162 1041 1245 συναμφότερος
1060 1160 1081 1243 ἡ
1102 1161 1203 1225 ΑΒΓ

134 1280 167 1327 10
189 1266 305 1330 εὐθεῖα
327 1267 445 1350 μείζων
469 1264 548 1349 ἐστί,
572 1267 823 1352 συναμφότερος
842 1267 906 1352 ἄρα
923 1265 944 1349 ἡ
963 1270 1071 1331 ΑΒΓ
1084 1269 1197 1351 μείζων

186 1369 255 1437 ἐστὶ
277 1381 336 1455 τῆς
358 1377 440 1455 ΑΕ,
464 1370 615 1437 τουτέστι
639 1370 894 1458 συναμφοτέρου
917 1381 975 1456 τῆς
997 1379 1071 1437 ΑΔ
1078 1376 1114 1437 Γ.
1270 1345 1271 1408 ἐ

660 1601 725 1668 νὸ’.

254 1726 330 1793 Ἐὰν
348 1727 518 1813 τεσσάρων
536 1725 663 1791 ἀνίσων
681 1726 824 1791 εὐθειῶν
844 1728 880 1791 τὸ
899 1725 962 1791 ἀπὸ
976 1735 1036 1810 τῆς
1047 1731 1197 1812 μεγίστης

187 1833 242 1899 καὶ
269 1844 327 1918 τῆς
356 1833 527 1918 ἐλαχίστης
556 1834 593 1897 τὸ
617 1836 872 1919 συναμφότερον
894 1833 1105 1918 τετράγωνον
1129 1839 1197 1896 ἴσον

136 1935 209 2026 1οῇ
243 1940 483 2028 συναμφοτέρῳ
513 1949 559 2028 τῷ
592 1939 655 2004 ἀπὸ
688 1951 755 2004 τῶν
784 1945 923 2024 λοιπῶν,
955 1939 975 2022 ἡ
1004 1937 1195 2024 συγκειμένη

190 2046 306 2111 εὐθεῖα
326 2046 361 2111 ἐκ
379 2057 437 2130 τῆς
455 2050 609 2131 μεγίστης
626 2045 754 2130 καὶτῆς
769 2045 938 2130 ἐλαχίστης
953 2045 1196 2112 ἐλοίττωνέσται
1272 2069 1273 2078 ’

190 2161 248 2235 της
270 2152 486 2237 συγκειμένης
509 2153 544 2218 έκ
566 2164 633 2218 τῶν
657 2157 790 2217 λοιπῶν.

258 2263 405 2325 ἔστωσαν
428 2258 583 2345 τέσσαρες
605 2259 734 2324 εὐθεῖαι
757 2259 794 2323 αί
817 2263 898 2343 ΑΒ,
921 2262 993 2344 ΒΓ,
1016 2263 1099 2345 ΔΕ,
1123 2261 1194 2338 ΕΖ,

191 2365 246 2431 καὶ
273 2370 409 2451 μεγίστη
438 2363 498 2450 μὲν
526 2377 641 2431 πασῶν
669 2369 750 2430 ἔστω
778 2364 799 2448 ἡ
827 2371 860 2430 Α
866 2371 909 2450 Β,
937 2365 1090 2449 ἐλαχίστη
1119 2361 1195 2443 δέη

136 2483 171 2532 20
190 2476 268 2556 ΒΓ,
291 2473 311 2556 ἡ
336 2469 372 2538 δὲ
391 2478 462 2537 ΔΕ
482 2482 540 2556 τῆς
558 2477 622 2537 ΕΖ
644 2473 688 2557 μὴ
713 2471 856 2537 ε’λιίττων
880 2475 973 2556 ἔστω,
996 2475 1078 2538 ἐστω
1104 2469 1141 2537 δέ
1162 2469 1197 2534 τί

191 2577 254 2642 ἀπὸ
281 2583 362 2662 ΑΒ,
391 2582 460 2643 ΒΓ
482 2591 551 2655 τοῖς
579 2577 642 2643 ἀπὸ
666 2581 747 2661 ΔΕ,
775 2581 838 2642 ΕΖ
867 2585 931 2644 ίσα.
977 2578 1076 2664 λέγω,
1106 2579 1154 2644 ὅτι
1179 2573 1196 2656 ἡ

192 2688 224 2746 Α
230 2686 262 2747 Γ
280 2693 337 2766 τῆς
361 2689 427 2747 ΛΖ
452 2683 595 2749 ἐλάττων
617 2683 715 2750 ἐστίν.

258 2789 418 2871 ἤχθωσαν
450 2791 533 2874 πρὸς
565 2788 672 2874 ὀρθὰς
703 2791 741 2854 αί
768 2793 851 2874 ΒΗ,
883 2794 963 2875 ΕΘ,
995 2789 1051 2855 καὶ
1078 2793 1194 2855 κείσθω

264 3023 287 3071 1,
312 3017 412 3088 ΒΔΕ]
436 3018 493 3088 βὸὲ·
513 3015 546 3072 V.
619 3017 717 3088 δυοῖν]
737 3018 790 3072 δύο
808 3035 835 3086 p.
926 3024 951 3071 3.
975 3016 1047 3089 ἄρα]
1072 3033 1123 3071 om.
1142 3013 1194 3082 Vp,

192 3105 260 3143 corr.
279 3087 388 3157 Halley.
459 3089 559 3159 ΒΔΓ]
578 3086 622 3141 bis
641 3087 674 3143 V.
744 3089 811 3160 τῶν]
830 3088 886 3158 ἄρα
905 3097 960 3144 τῶν
977 3107 1004 3158 p.
1077 3093 1101 3142 6.
1120 3082 1192 3154 ίοηνὶ

191 3162 264 3231 ΔΓ]
289 3159 333 3228 ίση
353 3159 463 3229 ἐστὶνὴ
485 3163 534 3213 ΓΔ
556 3177 583 3228 p.
655 3160 706 3230 τῇ]
724 3178 755 3229 p,
780 3169 829 3230 τῆς
846 3159 879 3215 V.
971 3165 994 3214 7.
1015 3157 1113 3228 μείζων
1126 3153 1191 3226 (ΡΥ-λ]

192 3229 290 3299 μείζων
310 3228 366 3284 ἐστί
384 3249 410 3300 p.
494 3235 535 3284 10.
556 3231 667 3302 εὐθεῖα]
687 3247 740 3286 om.
759 3249 786 3300 p.
867 3237 908 3285 11.
928 3229 1000 3302 ἐστί]
1018 3249 1050 3300 μ,
1076 3225 1146 3284 ἐστίν
1161 3223 1190 3278 V-

227 3310 276 3371 τῆς
285 3303 358 3427 (μνη)
372 3320 399 3371 p,
419 3317 487 3356 corr.
503 3318 537 3356 ex
555 3301 572 3371 ἡ
592 3320 628 3355 m.
644 3311 658 3355 1
674 3301 708 3370 V,
726 3311 759 3374 τῇ
778 3321 803 3356 v.
861 3308 903 3358 12.
922 3303 982 3374 νᾶ’]
998 3319 1050 3357 om.
1062 3301 1094 3372 V,
1115 3298 1190 3370 κβῬ.

229 3379 270 3427 19.
290 3392 340 3443 μεγ
352 3373 413 3444 στη]
433 3391 487 3442 vp,
511 3370 604 3442 -γίστη
622 3372 712 3442 suppl.
731 3392 766 3428 m.
787 3389 841 3430 rec.
860 3374 893 3429 V.
969 3375 1080 3447 πασῶν]
1100 3388 1150 3426 om.
1167 3384 1190 3436 p.

228 3448 270 3496 20.
289 3445 319 3514 η]
338 3462 387 3513 vp,
408 3443 498 3513 suppl.
517 3462 553 3498 m.
572 3459 625 3498 rec.
645 3445 678 3499 V.
751 3450 793 3499 21.
812 3447 882 3518 τοῖς]
902 3445 947 3502 ίσα
966 3455 1025 3510 τοῖς
1042 3465 1069 3516 p.
1140 3437 1191 3508 ἴσα]

194 3526 247 3565 om.
266 3531 292 3581 p.
366 3520 407 3568 23.
428 3513 574 3586 ἤχθωσαν]
596 3514 715 3571 ἔστωσαν
734 3533 761 3584 p.
