2488 3938
162 173 206 236 90
432 176 521 232 ΠΕΡΙ
538 173 753 226 Κεκωιλεου
770 173 907 226 Τοιιωε.

162 333 224 382 σαν
248 312 309 382 οὖν
333 316 368 381 ἐκ
391 328 459 382 τῶν
482 317 716 401 ἀντικειμένων
738 328 848 402 μερῶν
867 317 904 381 αί
920 321 1003 400 ΑΘ,
1023 319 1091 381 ΓΚ
1108 321 1168 380 ίσαι

163 420 260 489 οὖσαι
288 423 458 508 ἀλλήλαις,
491 422 538 489 δι’
569 419 616 489 ὧν
644 423 702 489 ἐὰν
732 424 820 510 ἀχθῇ
851 423 989 489 ἐπίπεδα
1016 431 1169 488 ποιοῦντα

164 529 337 615 ἐλλείψεις,
370 534 474 614 ἔσται,
505 531 550 608 ὡς
576 532 614 596 τὸ
641 531 705 596 ἀπὸ
733 541 791 615 τῆς
820 535 886 595 ΘΑ
914 529 1094 617 διαμέτρου
1120 538 1170 613 τῆς

164 637 337 716 ἐλλείψεως
358 640 441 724 πρὸς
464 639 500 702 τὸ.
525 636 588 702 ἀπὸ
612 647 669 721 τῆς
687 644 719 702 Α
726 642 763 722 Γ,
787 636 936 702 τουτέστι
955 638 1039 724 πρὸς
1058 638 1094 702 τὸ
1114 636 1169 701 ἀπὸ
1230 690 1231 699 ,

128 753 220 829 στῆς
243 748 406 828 συζυγοῦς
429 743 527 830 ἑαυτῇ
551 743 739 831 διαμέτρου,
763 745 869 821 οὕτως
890 745 928 809 τὸ
952 744 1017 810 ἀπὸ
1039 753 1097 828 τῆς
1113 745 1175 806 ΚΓ

162 852 341 939 διαμέτρου
364 861 422 936 τῆς
445 851 619 930 ἐλλείψεως
640 852 723 937 πρὸς
744 853 782 916 τὸ
810 850 873 916 άπὸ
899 860 957 935 τῆς
981 855 1062 935 ΑΓ,
1085 872 1170 916 τουτ-
1232 889 1233 898 1

161 959 251 1028 ἐστιν
284 961 328 1035 ὡς
362 961 399 1024 τὸ
432 959 495 1024 ἀπὸ
528 968 585 1042 τῆς
617 962 687 1024 ΚΓ
713 958 891 1044 διαμέτρου
919 967 984 1042 τῆς
1005 957 1171 1036 ἐλλείψεως
1233 1045 1234 1050 ¹

160 1068 243 1153 πρὸς
274 1067 311 1132 τὸ
339 1065 402 1130 ἀπὸ
433 1075 491 1149 τῆς
517 1069 679 1149 συζυγοῦς
707 1064 894 1150 διαμέτρου.
945 1065 983 1129 αί
1007 1066 1074 1148 ἀρα
1100 1066 1169 1145 ΚΓ,

161 1180 194 1238 A
201 1178 230 1239 Θ
251 1171 424 1258 διάμετροί
444 1174 529 1237 είσιν
551 1172 676 1257 ὁμοίων
700 1171 884 1251 ἐλλείψεων.

109 1310 143 1359 10
228 1301 364 1362 Κείσθω
396 1297 497 1362 πάλιν
529 1297 549 1380 ἡ
577 1299 772 1384 καταγραφὴ
802 1305 862 1361 τοῦ
890 1297 1016 1380 κώνου,
1044 1294 1100 1361 καὶ
1126 1295 1171 1360 ἐκ·

161 1407 341 1489 βληθείσης
363 1413 421 1487 τῆς
440 1408 500 1469 ΓΒ
525 1403 577 1469 ἐπὶ
600 1405 726 1490 θάτερα
749 1403 827 1469 δέου
850 1407 932 1469 ἐστω
957 1402 1013 1468 ἀπ’
1036 1399 1170 1488 ἀμφοτέ-

161 1535 230 1597 ρων
267 1523 333 1577 τῶν
368 1523 478 1598 μερῶν
515 1511 651 1594 ἀγαγεῖν
688 1511 825 1576 ἐπίπεδοι
860 1519 1023 1576 ποιοῦντα
1061 1511 1169 1595 ὁμοίας

161 1619 329 1697 ἐλλείψεις.
1236 1667 1237 1698 ,

227 1727 357 1810 διήχθω
385 1749 435 1803 τις
462 1727 509 1802 είς
536 1727 594 1790 τὸν
617 1726 741 1790 κύκλον
764 1725 880 1790 εὐθεῖα
903 1725 1115 1810 παράλληλος
1136 1729 1169 1805 τῇ

111 1845 144 1892 ιο
162 1837 230 1898 ΒΓ
252 1832 271 1914 ἡ
297 1837 375 1915 ΠΡ,
402 1831 458 1897 καλ
486 1831 726 1916 ἐπιζευχθεῖσαι
758 1833 796 1896 αί
821 1836 907 1915 ΑΠ,
931 1835 998 1895 ΑΡ
1023 1829 1170 1914 ἐκβεβλῄ-

162 1946 300 2004 σθωσαυ
324 1936 376 2003 ἐπὶ
399 1940 439 2002 τά
459 1943 498 2023 Σ,
522 1943 695 2023 Τσημεία·
733 1938 778 2015 ὡς
801 1940 864 2024 ἀρα
887 1937 908 2020 ἡ
928 1941 1000 2002 ΑΣ
1014 1939 1100 2023 πρὸς
1117 1936 1171 2019 τὴν

162 2050 243 2128 ΣΠ,
267 2045 373 2121 οὕτως
395 2044 415 2126 ἡ
434 2049 507 2109 ΛΤ
524 2047 607 2130 πρὸς
629 2046 690 2129 τὴν
714 2049 779 2108 ΤΡ.
816 2041 871 2108 καλ
895 2045 940 2120 ὡς
963 2045 1027 2129 ἀρα
1051 2046 1088 2109 τὸ
1113 2042 1170 2108 ἀπὸ

161 2161 219 2236 τῆς
242 2156 313 2216 ΑΣ
337 2152 420 2237 πρὸς
447 2153 484 2216 τὸ
512 2152 577 2216 ὑπὸ
605 2163 672 2216 τῶν
700 2155 784 2234 ΑΣ,
809 2155 894 2234 ΣΠ,
921 2148 1073 2216 τουτέστι
1095 2151 1171 2237 πρὸς

161 2260 198 2324 τὸ
222 2258 286 2324 ὑπὸ
310 2270 377 2323 τῶν
402 2262 479 2341 ΓΣ,
498 2262 575 2341 ΣΒ,
598 2259 704 2335 οὕτως
726 2260 763 2323 τὸ
788 2257 851 2323 ἀπὸ
874 2267 932 2342 τῆς
950 2260 1122 2345 ΑΤπρὸς
1139 2256 1170 2320 τὸ

109 2378 143 2426 20
160 2365 226 2431 ὑπὸ
249 2376 317 2430 τῶν
336 2370 407 2449 AT,
427 2369 494 2449 TP,
517 2363 666 2430 τουτέστι
689 2366 772 2451 πρὸς
794 2367 831 2430 τὸ
854 2365 919 2430 ὑπὸ
938 2377 1005 2430 τῶν
1023 2369 1094 2448 ΒΤ,
1114 2366 1170 2429 ΤΓ.

163 2472 220 2538 ἐάν
244 2474 308 2559 ἀρα
326 2485 397 2548 ταῖς
415 2478 496 2556 ΣΑ,
514 2474 587 2536 ΛΤ
601 2474 832 2555 παραλλήλους
850 2471 984 2548 εὐθείας
1003 2471 1171 2556 ἀγάγωμεν

162 2579 198 2644 ἐν
221 2589 266 2666 τῷ
290 2581 451 2667 τριγώνῳ,
475 2580 520 2655 ὡς
542 2579 601 2655 τάς
623 2583 696 2662 ΒΤ,
722 2582 801 2660 ΓΦ,
824 2576 879 2642 καὶ
903 2576 948 2642 δι’
974 2579 1085 2644 αὐτῶν
1109 2578 1170 2643 ἐπί-

162 2686 246 2749 πεδα
273 2694 433 2749 ποιοῦντα
457 2685 631 2768 ἐλλείψεις,
654 2687 785 2750 ἐσονται
809 2685 865 2749 διά
887 2686 928 2749 τά
951 2686 1109 2761 πολλάκις
1131 2683 1170 2748 εί-

163 2788 287 2876 ρημένα
317 2791 355 2855 αί
380 2796 458 2875 ΒΤ,
487 2795 553 2856 ΓΦ
581 2791 710 2856 εὐθεῖαι
740 2791 865 2875 ὁμοίων
896 2790 1072 2869 ἐλλείψεων
1105 2789 1170 2856 διά-

110 2910 143 2960 25
161 2920 284 2983 μετροι.

229 3021 295 3088 Καὶ
323 3026 485 3109 φανερόν,
509 3023 559 3089 ὅτι
587 3034 626 3108 τῇ
655 3023 718 3088 ἀπὸ
746 3032 806 3087 τοῦ
835 3022 938 3087 αὐτοῦ
965 3021 1087 3108 μέρους
1108 3031 1169 3085 τῶν

164 3132 289 3216 ὁμοίων
312 3129 489 3208 ἐλλείψεων
517 3133 656 3216 συζυγίᾳ
679 3132 808 3212 γίνεταί
828 3153 878 3207 τις
900 3129 998 3213 ὁμοία
1021 3128 1086 3194 ἀπὸ
1108 3138 1169 3192 τῶν

163 3234 397 3321 ἀντικειμένων
423 3247 533 3322 μερῶν
560 3236 685 3320 ὁμοίων
709 3236 886 3315 ἐλλείψεων
909 3238 1063 3320 συζυγία,
1087 3234 1169 3300 ἀντι-

233 3399 257 3447 2.
277 3393 410 3517 ἐπίπεδαέ
429 3365 564 3448 ἐπίπεδοί
584 3408 605 3445 ο.
689 3399 713 3446 5.
733 3395 877 3465 σνζνγοῦς]
897 3389 1025 3459 συζυίοῦς
1043 3393 1077 3448 V,
1146 3395 1168 3442 6.

162 3461 311 3531 διαμέτρου
329 3473 378 3532 τῆς
411 3464 553 3534 λλείψεως]
573 3478 653 3517 euan.
668 3481 695 3532 p.
772 3461 924 3536 τουτέστιν]
943 3461 1068 3518 τουτέστι
1085 3483 1111 3533 p.

199 3536 222 3586 7.
242 3533 279 3594 ὡς
292 3543 326 3574 “-
341 3534 497 3604 ἐλλείψεως]
518 3551 571 3588 om.
586 3551 613 3601 p.
671 3539 695 3588 8.
716 3536 859 3606 συζυγοῦς]
879 3555 922 3590 -ο-
941 3552 956 3589 ε
975 3551 1044 3591 corr.
1058 3553 1095 3589 m.
1112 3531 1167 3599 IV,
