2504 3928
181 187 245 249 162
494 187 581 238 ΠΕΡΙ
599 187 728 239 ΚΩΝΟΤ
746 187 881 240 ΤΟΜΗΣ.

180 334 311 415 μείζονα
334 333 435 413 λόγον
459 333 523 414 ἔχει
542 331 623 416 ήπερ
643 331 679 396 τὸ
696 333 755 395 ΓΛ
777 330 861 416 πρὸς
879 335 956 413 ΛΖ,
978 329 1035 395 ιιοιῖ
1053 328 1181 408 ἐναλλὰξ

179 439 216 502 τὸ
248 441 313 501 ΑΒ
345 437 428 522 πρὸς
458 440 518 501 ΓΛ
549 440 681 522 μείζονοι
713 440 814 519 λόγον
846 440 911 521 ἔχει
942 439 1025 524 ήπερ
1057 439 1094 502 τὸ
1124 442 1180 502 EB

178 545 260 630 πρὸς
289 548 363 608 ΖΛ.
413 547 471 608 ιιοιί
497 542 586 608 ἐστιν
614 550 689 609 ἴσον
715 545 752 609 τὸ
778 548 844 608 AB
874 553 919 632 τῷ
949 547 1023 609 ΓΛ·
1056 548 1181 610 ἔλαττον

179 651 244 736 ἄρα
266 651 303 715 τὸ
325 653 388 714 ΕΒ
417 657 476 713 τοῦ
502 654 575 714 ΖΛ.
619 651 657 715 τὸ
681 647 718 715 δὲ
742 655 807 715 ΖΛ
829 659 889 716 τοῦ
914 653 977 715 ΓΖ
1004 650 1044 715 οὐ
1067 653 1179 735 μεῖζον·

144 755 234 821 5καῖ
256 765 316 822 τοῦ
340 759 402 820 ΓΖ
425 757 490 843 ἄρα
512 758 652 822 ἔλασσόν
677 756 744 822 ἐστι
766 758 803 822 τὸ
822 761 895 821 EB.
931 752 974 840 ἦν
997 753 1035 822 δὲ
1056 755 1180 822 καὶτοῦ

178 866 247 926 AE
273 866 421 928 ἔλαττον·
454 862 626 948 ἐλάχιστον
654 866 717 951 ἄρα
744 865 781 929 τὸ
805 868 876 928 ΕΒ.
926 865 1028 930 πάλιν
1055 862 1122 930 ἐπεὶ
1145 864 1179 927 τὸ
1240 932 1241 935 ¹

177 973 243 1033 AB
267 978 312 1057 τῷ
333 971 392 1033 ΓΛ
415 975 499 1054 ἴσον,
522 965 570 1035 ὧν
593 972 630 1035 τὸ
649 975 711 1035 ΕΒ
735 980 795 1035 τοῦ
814 976 847 1034 Δ
853 976 881 1035 Ζ
903 974 1049 1054 ἔλαττον,
1071 971 1180 1037 λοιπὸν

178 1076 242 1161 ἄρα
269 1077 306 1140 τὸ
332 1080 399 1140 EA
426 1081 544 1141 λοιποῦ
573 1085 632 1141 τοῦ
658 1081 719 1142 ΓΖ
746 1080 864 1162 μεῖζον.
910 1079 946 1143 τὸ
974 1074 1012 1142 δὲ
1041 1080 1101 1142 ΓΖ
1124 1083 1180 1140 τοῦ

180 1186 245 1245 ΖΛ
272 1181 333 1246 οὐκ
361 1184 496 1248 ἔλαττόν
524 1183 607 1248 ἐστι·
638 1181 777 1248 καὶτοῦ
802 1189 868 1248 ΖΔ
895 1186 959 1270 ἄρα
986 1187 1095 1268 μεῖζόν
1117 1182 1180 1248 ἐστι
1242 1253 1243 1264 ἶ

120 1302 160 1352 ⁸10
178 1288 215 1352 τὸ
234 1292 309 1352 AE.
346 1283 388 1370 ἦν
411 1285 448 1353 δὲ
470 1287 526 1354 καὶ
548 1299 607 1356 τοῦ
626 1295 689 1355 ΕΒ
713 1294 836 1376 μεῖζον·
859 1289 1014 1375 μέγιστον
1038 1292 1100 1375 ἄρα
1117 1286 1180 1354 ἐστὶ

179 1395 216 1459 τὸ
239 1398 319 1478 ΑΕ,
343 1396 380 1460 τὸ
404 1392 441 1460 δὲ
462 1400 524 1460 ΕΒ
550 1395 730 1480 ἐλάχιστον.

662 1651 704 1692 ιι.

242 1751 318 1817 Ἐὰν
342 1752 404 1816 δύο
426 1753 572 1838 τρίγωνα
595 1751 652 1828 τάς
675 1775 709 1816 τε
732 1751 845 1835 βάσεις
872 1757 945 1828 ἴσας
972 1755 1044 1837 ἔχη,
1072 1756 1125 1838 ἔχη
1146 1748 1179 1815 δὲ

176 1857 312 1936 καὶτὰς
336 1858 399 1923 ἀπὸ
422 1866 479 1940 τῆς
502 1865 651 1943 κορυφῆς
675 1855 727 1922 ἐπὶ
750 1859 811 1942 τήν
835 1858 1028 1943 διχοτομίαν
1051 1867 1107 1941 τής
1127 1857 1178 1942 βᾶ-

125 1976 157 2025 15
177 1979 259 2040 σεως
285 1961 428 2048 ἠγμένοις
456 1963 589 2040 εὐθείας
616 1969 703 2047 ἴσοις,
735 1972 796 2029 τοῦ
824 1960 861 2028 δὲ
885 1961 998 2051 ἑτέρον
1026 1963 1179 2049 ήμειζων
1245 1983 1246 2018 1

175 2069 302 2154 πλευρὰ
330 2071 413 2155 πρὸς
435 2071 496 2153 τήν
519 2070 677 2135 ἐλάττονα
700 2073 831 2154 μείζονα
854 2073 955 2153 λόγον
982 2073 1040 2156 ἔχη
1062 2069 1179 2156 ήπερή

176 2183 236 2240 τοῦ
259 2182 378 2242 λοιποῦ
401 2179 518 2260 μείζων
541 2178 624 2258 πρὸς
646 2178 707 2261 τήν
731 2175 888 2242 ἐλάττονα
911 2175 931 2260 ή
954 2174 1009 2242 καὶ
1029 2183 1082 2260 ἴση
1104 2175 1179 2260 πρὸς

175 2284 240 2367 τήν,
256 2289 342 2368 ἴσην,
366 2277 407 2347 οὗ
430 2281 451 2366 ἡ
474 2285 592 2366 μείζων
614 2283 740 2369 πλευρὰ
762 2284 846 2369 πρὸς
863 2284 924 2367 τήν
943 2282 1100 2348 ἐλάττονα
1117 2283 1178 2366 μεί-
1244 2309 1246 2368 3

176 2393 253 2469 ζονοι
276 2393 377 2473 λόγον
400 2391 479 2472 ἔχει,
504 2387 610 2453 ἐκεῖνο
634 2391 770 2454 ἔλαττόν
793 2388 892 2454 ε’στιν.
1242 2381 1246 2528 ή

123 2509 157 2558 20
243 2501 324 2563 ἔστω
348 2497 410 2563 δύο
428 2499 575 2582 τρίγονοι
592 2496 632 2559 τὰ
650 2497 759 2578 ΑΒΓ,
778 2502 811 2560 Δ
816 2499 848 2559 Ε
853 2500 880 2559 Ζ
904 2501 976 2571 ἴσας
995 2497 1110 2579 ἔχοντα
1127 2494 1178 2569 τὰς

177 2605 250 2686 ΒΓ,
264 2607 329 2667 ΕΖ
347 2602 469 2685 βάσεις,
492 2596 540 2666 ὧν
559 2599 695 2688 ἑκατέρα
712 2603 884 2686 τετμήσθω
905 2602 981 2685 δίχα
999 2603 1080 2668 κατὰ
1099 2602 1136 2666 τὰ
1148 2602 1182 2664 Η
1244 2585 1246 2646 ¹

176 2705 232 2772 κοιῖ
262 2713 290 2772 Θ
322 2719 453 2792 σημεῖα,
484 2706 539 2773 καὶ
572 2707 812 2791 ἐπιζευχθεῖσαι
844 2710 882 2773 οιῖ
908 2712 994 2792 ΑΗ,
1018 2715 1051 2773 Δ
1058 2713 1086 2774 Θ
1117 2714 1177 2772 ἴσαι

177 2816 333 2878 ἴστωσαν·
359 2816 440 2878 ἔστω
460 2810 496 2878 δὲ
515 2813 535 2898 η
554 2811 614 2899 μὲν
631 2820 699 2879 ΕΛ
717 2823 775 2899 τῆς
792 2821 825 2879 Δ
832 2819 859 2878 Ζ
878 2817 1006 2899 μείζων,
1029 2812 1105 2901 ἡδὲ
1117 2816 1177 2879 BA
1244 2789 1246 2836 ¹

176 2928 234 3003 τῆς
252 2922 322 2984 ΑΓ
340 2920 383 3003 μή
408 2918 560 3004 ἐλάττων,
584 2921 667 2986 ὥστε
689 2922 750 3004 την
773 2926 839 2986 ΕΛ
861 2922 944 3008 πρὸς
964 2927 997 2987 Δ
1004 2927 1032 2986 Ζ
1054 2924 1175 3007 μείζονι
1245 2979 1246 2992 ,

247 3191 271 3239 2.
297 3185 366 3255 ΕΒ]
389 3200 440 3252 cp,
469 3186 499 3238 et
516 3183 550 3253 V,
577 3184 626 3238 sed
649 3183 703 3253 ita,
731 3187 764 3238 ut
787 3189 809 3237 Β
833 3183 986 3239 littemeA
1011 3184 1110 3239 similis
1132 3181 1173 3246 εἰη

177 3259 227 3310 ΕΑ
246 3274 272 3310 v.
346 3261 370 3309 5.
390 3253 457 3326 ἄρα]
477 3271 529 3309 om.
550 3271 572 3310 ο.
647 3260 669 3310 7.
688 3257 750 3327 τοῦ]
769 3273 844 3325 vop,
869 3272 938 3311 corr.
958 3271 992 3310 ex
1010 3255 1041 3311 τό
1060 3251 1172 3311 m.lV.

211 3328 281 3399 ΔΖ]
310 3330 361 3380 ΖΔ
378 3343 405 3395 p.
498 3332 538 3380 10.
563 3321 702 3398 μέγιστον]
726 3342 780 3380 om.
798 3326 882 3396 ch,
909 3343 977 3381 corr.
996 3327 1100 3397 Halley
1120 3339 1173 3378 cum

178 3395 280 3451 Comm.
363 3393 431 3467 ἐστί]
451 3412 504 3450 om.
524 3413 546 3450 ο.
638 3402 679 3450 16.
700 3394 845 3470 ἐλάττονα]
865 3396 1002 3453 ἐλάσσονα
1020 3417 1046 3469 p.
1122 3395 1162 3466 ἔχη

177 3481 239 3518 corr
257 3483 291 3520 ex
311 3467 365 3537 ἔχει
383 3485 418 3521 m.
436 3473 449 3519 l
470 3483 493 3534 c,
514 3465 569 3537 ἔχει
587 3484 612 3520 v.
674 3473 714 3522 17.
735 3466 791 3539 ἴση]
810 3469 828 3538 η
848 3467 892 3538 ἴση
912 3487 934 3524 ο.
999 3475 1040 3525 18.
1060 3466 1162 3539 μείζονι

178 3550 231 3589 om.
246 3553 268 3589 ο.
324 3543 366 3589 21.
385 3535 529 3604 τετμήσθω
545 3538 622 3607 δίχα]
643 3534 706 3608 δίχα
723 3539 868 3608 τετμήσθω
887 3558 914 3610 p.
969 3540 1016 3613 τά]
1035 3559 1062 3610 p,
1080 3539 1110 3594 τό
1127 3537 1172 3592 Vc.
