2574 3934
394 163 443 212 DE
463 161 639 214 SEOTIONE
659 162 837 214 CYLINDRI.
1079 163 1118 224 11

178 304 222 368 sit
264 304 442 390 cylindrus,
483 305 573 370 cuius
615 305 709 371 bases
747 305 813 368 sint
850 306 961 370 circuli
999 304 1120 371 circum

100 416 154 494 A,
180 415 208 474 Β
233 415 345 476 centra
367 410 535 495 descripti,
564 410 633 476 axis
657 416 766 476 autem
788 416 878 476 recta
900 416 979 496 AB,
1007 418 1040 477 et
1063 435 1121 497 per

715 523 782 582 AB
817 517 952 603 planum
984 499 1120 584 ducatur

715 624 897 710 cylindrum
924 647 1048 705 secans3
1077 625 1121 689 ef-

714 731 802 796 ficiet
819 731 922 817 igitur
939 731 973 795 in
990 731 1119 795 circulis

627 744 658 961 ὲ
714 842 819 903 rectas
842 841 917 921 ΓΔ,
936 841 1013 920 ΕΖ,
1037 859 1118 920 qnae

611 979 636 1022 Z
715 943 864 1008 diametri
873 943 1120 1029 sunt‚insuper-

717 1050 788 1115 ficie
834 1056 943 1115 antem
983 1048 1120 1134 cylindri

100 1157 211 1220 lineas
234 1157 346 1239 ΕΗΓ,
367 1159 441 1218 ΖΔ.
483 1154 562 1239 dico,
587 1160 756 1239 utramque
779 1156 898 1221 lineam
922 1158 1033 1239 ΕΗΓ,
1052 1160 1118 1219 ΔΖ

100 1266 232 1327 rectam
255 1282 333 1325 esse.

175 1391 252 1433 nam
284 1367 312 1432 si
343 1368 414 1432 fieri
443 1373 567 1454 potest,
598 1391 638 1433 ne
671 1369 737 1434 sint
769 1376 888 1454 rectae,
919 1371 1117 1455 duceturque

101 1479 197 1539 recta
212 1477 316 1539 ΕΘΓ.
354 1476 507 1560 qnoniam
526 1475 629 1561 igitur
646 1476 733 1540 linea
746 1479 854 1540 ΕΗΓ
867 1481 899 1540 et
915 1481 1004 1541 recta
1018 1479 1122 1541 ΕΘΓ

101 1583 142 1645 in
161 1581 259 1665 plano
273 1586 340 1645 EA
357 1581 484 1665 positae
503 1587 579 1646 sunt
593 1583 628 1646 in
642 1583 770 1666 punctis
785 1587 824 1665 E,
840 1584 872 1645 Γ
882 1588 1118 1668 concurrentes,

103 1693 141 1752 et
165 1687 252 1752 linea
274 1692 381 1752 ΕΗΓ
398 1688 433 1752 in
457 1689 624 1772 superficie
649 1689 785 1774 cylindri
808 1689 916 1772 posita
939 1693 1002 1773 est,
1030 1694 1119 1753 recta

105 1797 214 1859 ΕΘΓ
234 1795 269 1858 in
292 1795 460 1879 superficie
484 1796 620 1880 cylindri
643 1796 751 1879 posita
772 1818 839 1860 non
862 1799 919 1859 est.
966 1793 1119 1878 quoniam

104 1899 212 1986 igitur
239 1900 350 1966 circuli
373 1907 419 1984 A,
442 1905 470 1964 B
499 1907 532 1966 et
560 1903 710 1985 aequales
738 1908 771 1967 et
798 1901 945 1986 paralleli
974 1906 1049 1966 sunt
1073 1923 1119 1966 se-

105 2011 287 2092 canturque
320 2008 460 2092 aplano
488 2014 570 2092 ΕΔ,
603 2031 789 2074 communes
818 2031 929 2073 eornm
958 2008 1116 2074 sectiones

105 2113 284 2197 parallelae
307 2119 382 2178 sunt
403 2115 507 2200 [llucl.
526 2116 583 2200 XI,
604 2115 668 2200 16].
709 2138 823 2180 uerum
846 2115 945 2180 etiam
969 2115 1117 2201 aequales

109 2224 201 2304 sunt3
224 2225 301 2285 sunt
323 2221 409 2285 enim
433 2223 615 2306 aequalium
639 2222 833 2287 circulorum
856 2222 1014 2287 diametri.
1060 2223 1119 2287 ita-

106 2348 173 2410 que
201 2327 227 2390 si
251 2328 456 2392 manentibus
479 2329 608 2413 punctis
632 2334 678 2412 A,
701 2333 729 2392 Β
754 2329 928 2392 diametros
952 2334 984 2393 Α
990 2331 1030 2412 Γ,
1055 2333 1120 2392 ΒΕ

104 2433 295 2498 finxerimus
310 2439 432 2517 rectam
441 2439 545 2500 ΕΘΓ
553 2458 611 2520 per
623 2434 760 2500 circulos
771 2440 813 2517 A,
823 2439 851 2497 B
862 2435 1117 2520 circumagentes

105 2543 144 2604 et
170 2562 281 2605 rursus
309 2540 493 2622 restitutas,
521 2546 609 2606 recta
632 2543 735 2605 ΕΘΓ
755 2539 958 2624 superficiem
980 2540 1117 2624 cylindri

103 2647 269 2711 describet
293 2647 368 2730 [def.
390 2647 432 2732 1],
456 2652 488 2712 et
507 2652 664 2732 punctum
686 2646 766 2712 &in
784 2647 952 2731 superficie
971 2647 1041 2712 erit.
1084 2654 1118 2713 at

105 2757 200 2817 extra
231 2753 376 2837 positum
407 2759 506 2834 erat3'
523 2755 608 2839 quod
640 2755 710 2819 fieri
741 2775 808 2818 non
839 2759 958 2839 potest.
1007 2755 1117 2839 itaque

106 2863 216 2924 ΕΗΓ
246 2865 335 2925 recta
371 2865 428 2924 est.
485 2861 635 2926 similiter
671 2865 780 2925 antem
817 2861 916 2925 etiam
954 2866 1029 2927 ΖΛ.
1085 2868 1117 2927 et

103 2971 213 3031 rectas
237 2971 314 3050 EZ,
338 2971 403 3032 ΓΛ
427 2969 576 3052 aequales
600 2972 633 3032 et
654 2968 825 3052 parallelas
848 2970 996 3055 iungunt.
1039 2992 1116 3056 ergo

105 3077 175 3137 EA
200 3073 541 3159 parallelogrammum
568 3079 618 3139 est
647 3075 752 3160 [Encl.
775 3075 806 3161 Ι,
833 3075 905 3158 33];
934 3077 1020 3160 quod
1047 3082 1117 3140 erat

105 3181 402 3245 demonstrandum.

107 3371 338 3442 ἐπιζευγνυούσης
355 3391 382 3428 v.
463 3379 505 3427 24.
526 3377 587 3441 EZ,
604 3375 667 3515 Ml
685 3378 741 3442 ΓΔ,
758 3377 811 3428 ΕΖ
829 3393 855 3442 p.
931 3372 998 3443 ΕΔ]
1021 3377 1071 3428 ΓΖ
1089 3394 1115 3444 p.

144 3450 183 3498 Εὖ.
205 3441 273 3510 ὅπερ
295 3442 362 3515 ἔδει]
383 3460 436 3498 om.
455 3463 482 3514 p.
565 3445 656 3510 δεῖξαι

687 3461 737 3512 vo,
758 3445 804 3510 ξαι
822 3445 855 3512 V,
882 3459 935 3496 om.
954 3460 980 3511 p.
1055 3445 1116 3513 aeq.

110 3513 171 3585 ἑξῆς
188 3515 220 3569 τὸ
240 3523 330 3586 σχῆμα
349 3517 398 3570 Vv
416 3516 471 3585 (fig.
492 3514 522 3570 in
540 3534 594 3585 mg.
617 3517 677 3583 est).
