2488 3938
179 157 223 221 64
449 159 536 209 ΠΕΡΙ
553 155 767 209 ΚΤΔΙΝΔΡΟΥ
785 157 921 209 ΤΟΜΗΣ.

178 301 269 366 ἐστιν
296 301 316 384 ῆ
347 305 414 366 ΘΧ
435 300 537 387 ὀρθία
564 309 624 364 τοῦ
657 300 767 376 είδους
799 298 1003 384 πλευρά·ῆ
1036 301 1099 384 ἀρα
1128 303 1186 363 ΘΧ

178 407 233 472 καὶ
252 406 305 472 έπὶ
323 417 382 491 τῆς
398 415 458 472 τοῦ
476 407 658 488 κυλίνδρου
677 415 779 490 τομῆς
797 406 899 492 ὀρθία
918 404 988 471 ἐστὶ
1007 415 1067 471 τοῦ
1081 407 1182 481 είδους

177 514 311 596 πλευραί.
353 509 483 579 ἐπεὶ
445 537 517 597 ουν,
540 513 627 596 ώςῆ
654 516 726 578 ΘΗ
743 514 867 599 πρὸςτ
848 514 909 596 τῆν
930 517 1003 597 ΘΧ,
1026 514 1130 590 οὕτως
1150 515 1181 576 τὸ

177 620 241 686 ὑπὸ
265 631 333 686 τών
355 625 394 685 Η
400 626 444 703 Φ
467 625 534 685 ΦΘ
558 621 640 706 πρὸς
663 621 700 684 τὸ
724 619 787 684 ἀπὸ
811 629 869 703 τῆς
894 625 974 703 ΦΥ,
998 618 1129 704 ἐδείχθη
1151 616 1182 682 δε

143 725 232 792 οκαλ
260 726 313 793 ἐπὶ
342 736 399 811 τῆς
426 736 486 792 τοῦ
512 728 694 813 κυλίνδρου
722 735 836 810 τομῆς,
865 726 910 802 ώς
936 725 957 809 ῆ
985 730 1108 809 πλαγία
1130 735 1181 790 τοῦ
1223 729 1224 736 ’

176 835 288 910 είδους
314 835 440 920 πλευρὰ
467 835 550 919 πρὸς
576 835 637 916 τῆν
665 832 801 920 ὀρθίαν,
833 833 939 909 οὕτως
966 834 1004 897 τὸ
1032 833 1097 898 ὑπὸ
1123 844 1180 897 τῶν

175 941 352 1026 τμημάτων
376 951 433 1023 τῆς
457 941 634 1026 διαμέτρου
657 941 740 1026 πρὸς
762 941 799 1004 τὸ
824 939 887 1005 ἀπὸ
910 948 970 1023 τῆς
987 938 1180 1024 κατηγμένης

177 1047 230 1113 ἐπ’
256 1048 361 1131 αὐτὴν
387 1046 591 1131 τεταγμένως
617 1045 672 1111 καὶ
699 1048 859 1130 ποιούσης
885 1047 925 1111 τά
948 1049 1113 1131 τμήματα,
1134 1043 1179 1110 καὶ

177 1152 230 1219 ἐπὶ
258 1163 316 1237 τῆς
342 1162 402 1217 τοῦ
430 1154 612 1240 κυλίνδρου
634 1155 698 1238 ἀρα
721 1162 835 1237 τομῆς,
864 1153 909 1229 ώς
932 1153 952 1237 ῆ
977 1157 1052 1217 ΘΗ
1070 1156 1180 1235 πλαγία

126 1274 159 1322 10
178 1269 237 1325 τοῦ
256 1260 367 1336 εἴδους
385 1261 510 1346 πλευρὰ
528 1261 611 1345 πρὸς
629 1261 690 1343 τῆν
712 1264 778 1323 ΘΧ
792 1258 925 1344 ὀρθίαν,
945 1260 1052 1336 οὕτως
1070 1261 1107 1325 τὸ
1124 1259 1179 1324 ὑπὸ

176 1377 243 1431 τῶν
261 1370 300 1430 Η
304 1371 344 1450 Φ,
366 1371 434 1431 ΘΦ
455 1368 538 1452 πρὸς
560 1367 597 1431 τὸ
621 1365 684 1431 ἀπὸ
708 1376 766 1449 τῆς
790 1373 862 1449 ίσης
884 1375 924 1450 τῆ
947 1371 1012 1431 ΤΦ
1030 1365 1086 1431 καί
1108 1368 1179 1451 πρὸς

88 1557 95 1570 .
177 1480 249 1549 ίσας
281 1475 403 1556 γωνίας
433 1471 594 1557 ἀγομένης
622 1470 676 1537 ἐπὶ
703 1475 763 1556 τῆν
794 1476 869 1537 ΘΗ.
916 1471 988 1538 ἀλλ’
1019 1472 1039 1555 ῆ
1070 1480 1122 1557 ίση
1146 1481 1178 1556 τῆ

179 1585 244 1645 ΤΦ
274 1579 330 1645 καὶ
362 1582 445 1668 πρὸς
472 1587 545 1656 ίσας
572 1583 695 1661 γωνίας
723 1577 772 1643 ἐπ’
804 1579 908 1663 αὐτὴν
935 1578 1081 1664 ἀγομένη
1108 1580 1178 1645 κατὰ

175 1689 212 1753 τὸ
239 1693 270 1751 Φ
293 1689 353 1772 οὐχ
377 1685 470 1772 ἑτέρα
494 1684 562 1751 ἐστὶ
585 1695 643 1769 τῆς
670 1690 742 1749 ΤΦ.
788 1685 809 1769 ῆ
834 1687 898 1771 ἀρα
924 1691 993 1750 ΦΥ
1012 1685 1068 1752 καὶ
1091 1687 1126 1752 έν
1146 1695 1177 1770 τῆ

124 1807 157 1854 15
175 1804 235 1860 τοῦ
263 1794 446 1878 κυλίνδρου
474 1790 543 1858 ἐστὶ
570 1802 665 1877 τομῆ·
694 1793 731 1857 τὸ
760 1793 823 1878 ἀρα
850 1798 879 1856 Τ
899 1805 1036 1876 σημεῖον
1059 1792 1110 1858 ἐπὶ
1131 1802 1178 1875 τῆς

176 1911 236 1966 τοῦ
263 1901 374 1965 κώνου
402 1899 595 1983 ἐπιφανείας
622 1897 662 1963 ὂν
689 1896 744 1963 καὶ
768 1896 822 1963 ἐπὶ
844 1907 902 1982 τῆς
924 1908 984 1963 τοῦ
1007 1901 1176 1986 κυλίνδρου

176 2004 266 2072 ἐστὶν
294 2005 494 2090 ἐπιφανείας.
540 2005 661 2089 ὁμοίως
688 2001 726 2069 δὲ
748 2006 934 2090 δείκνυται,
956 2005 1020 2071 κάν
1043 2007 1177 2073 ὁσασοῦν

176 2112 298 2197 ὁμοίως
324 2110 527 2195 τεταγμένως
554 2111 736 2196 ἀγάγωμεν.
786 2111 806 2194 ῆ
838 2116 941 2176 ΘΡΗ
964 2114 1028 2199 ἀρα
1057 2114 1175 2200 γραμμὴ
1229 2123 1230 2126 ’

177 2219 213 2284 έν
239 2230 311 2296 ταῖς
338 2218 543 2303 ἐπιφανείαις
571 2216 661 2283 έστλν
688 2217 884 2304 ἀμφοτέρων
909 2229 977 2284 τῶν
1000 2221 1175 2304 σχημάτων·

125 2326 197 2409 2οῆ
224 2330 327 2391 ΘΡΗ
346 2327 409 2412 ἀρα
432 2327 514 2409 τομῆ
538 2327 596 2409 μία
618 2323 673 2389 καὶ
696 2325 716 2409 ῆ
740 2325 823 2410 αὐτῆ
847 2325 883 2391 έν
902 2324 1101 2412 ἀμφοτέροις
1118 2322 1174 2392 ἐστὶ

176 2446 246 2512 τοῖς
269 2434 418 2518 σχῆμασι.
459 2429 515 2497 καί
538 2429 608 2496 έπελ
629 2433 875 2514 κατεσκευάσθη
898 2431 918 2514 ῆ
942 2432 1007 2497 ὑπὸ
1029 2437 1101 2517 ΓΑ,
1119 2436 1179 2508 ΑΕ,

177 2544 296 2624 γωνία,
332 2538 501 2604 τουτέστιν
533 2538 553 2621 ῆ
585 2537 650 2602 ὑπὸ
683 2542 769 2622 ΑΗ,
796 2542 880 2622 ΗΘ,
912 2540 986 2622 ῆτοι
1018 2545 1132 2625 μείζων
1159 2537 1173 2620 ἢ

177 2645 321 2710 έλοίττων
345 2642 428 2712 οὖσα
451 2654 509 2728 τῆς
530 2645 613 2730 πρὸς
636 2654 680 2733 τῷ
705 2649 748 2728 Β,
778 2645 797 2729 ῆ
821 2647 885 2732 ἀρα
908 2648 990 2730 τομῆ
1014 2649 1076 2713 οὔκ
1098 2647 1174 2713 ἐστιν

176 2751 369 2816 ὑπεναντία·
392 2752 533 2835 ῆΘΡΗ
542 2752 606 2838 ἀρα
624 2753 706 2836 τομῆ
725 2752 787 2816 οὔκ
806 2751 874 2816 ἐστι
892 2753 1024 2829 κύκλος·
1045 2757 1174 2831 ἔλλειῆις

123 2869 157 2920 25
177 2859 241 2945 ἄρα
273 2854 362 2922 ἐστὶν
390 2856 410 2940 ῆ
441 2861 548 2922 ΘΡΗ.
598 2856 653 2922 καὶ
680 2867 740 2923 τοῦ
768 2859 878 2923 κώνου
906 2861 969 2944 ἀρα
996 2870 1057 2926 τοῦ
1086 2861 1173 2926 ἐκκει-

177 2963 279 3050 μένου
302 2961 357 3029 καὶ
379 2973 439 3029 τοῦ
461 2965 642 3049 κυλίνδρου
666 2965 686 3048 ῆ
709 2966 791 3049 τομῆ
815 2965 897 3049 αὕτη
921 2969 1064 3046 ἔλλειψίς
1083 2968 1173 3034 ἐστιν’

178 3074 256 3156 ὅπερ
281 3073 346 3137 ἔδει
370 3069 483 3148 δείξαι.

249 3367 358 3440 mul]
383 3368 429 3423 ἐπὶ
446 3376 495 3437 τῆς
512 3377 561 3423 τοῦ
580 3369 672 3423 κώνου
691 3390 728 3423 κα
710 3368 848 3440 α.λέπίμ
931 3377 955 3426 3.
981 3374 1054 3445 ΘΗ]
1081 3377 1172 3441 ΗΘΡ

214 3446 237 3494 ο
259 3414 397 3581 οιτφρ,
419 3439 666 3528 Ηεοιιηκιοη
687 3443 776 3495 poc.
822 3389 879 3496 Ρη
901 3443 967 3513 ου]
988 3445 1087 3513 οορ
1139 3449 1172 3496 ιι.

180 3509 318 3579 ἀγομένης
348 3508 471 3582 ἀγομένη
491 3509 578 3578 ch?
638 3516 678 3564 13.
699 3531 737 3579 γω
716 3509 812 3584 ωνίας]
833 3530 879 3583 ομ,
899 3511 1060 3584 εδδείαςΧ,
1079 3518 1173 3584 γρ.Ῑ’ω
