2592 3932
186 174 252 236 274
496 179 584 228 ΠΕΡΙ
602 177 731 229 Κααου
749 177 885 230 Tomis.

188 323 249 384 ΓΛ
266 321 349 401 πρὸς
367 321 428 404 τὴν
446 326 520 385 ΕΖ.
558 324 640 386 ἔστω
659 331 727 384 τῶν
748 325 825 404 ΘΒ,
844 327 877 385 A
883 325 922 385 H
935 319 1015 405 μέση
1034 320 1205 404 ἀνάλογον

186 424 206 507 ἡ
230 429 317 509 ΚΗ,
340 426 395 492 καὶ
419 427 669 510 ἐπεζεύχθωσαν
692 428 729 492 αἱ
745 431 819 511 ΚΓ,
839 431 922 493 ΚΔ·
946 428 990 504 ὡς
1013 430 1076 513 ἄρα
1100 429 1121 513 ἡ
1143 432 1203 492 ΓΔ

186 534 269 618 πρὸς
296 535 357 618 τὴν
380 538 459 617 ΕΖ,
487 533 592 610 οὕτως
618 534 639 616 ἥ
667 557 702 598 τε
725 537 791 598 ΒΘ
817 535 901 620 πρὸς
924 536 985 618 τὴν
1008 540 1083 600 KH
1101 534 1201 619 καὶὴ

187 643 263 703 KH
287 640 370 725 πρὸς
397 642 458 725 τὴν
485 644 566 705 HA.
617 637 686 705 ἐπεὶ
714 635 790 723 οὖν,
819 641 863 716 ὡς
889 640 910 723 ἡ
940 645 1004 706 ΓΛ
1031 644 1114 727 πρὸς
1140 643 1202 725 τὴν

151 751 265 829 ῠΕΖ,
303 746 409 822 οὕτως
443 745 464 828 ἡ
497 751 561 811 ΒΘ
597 747 680 832 πρὸς
715 749 776 830 τὴν
808 750 894 831 ΚΗ,
932 749 969 812 τὸ
1002 752 1099 813 ΒΕΖ
1135 750 1200 832 ἄρα

187 855 352 937 τρίγωνον
376 858 450 917 ἴσον
474 851 542 918 ἐστὶ
565 862 611 940 τῶ
635 856 738 918 ΚΓΛ
760 854 921 941 τριγώνῳ.
967 853 1023 919 καὶ
1047 853 1128 939 ἐκεί,
1155 855 1198 930 ὡς

186 959 207 1043 ἡ
232 962 292 1023 ΓΔ
315 960 399 1045 πρὸς
420 961 482 1044 τὴν
504 964 583 1044 ΕΖ,
612 960 718 1036 οὕτως
740 959 761 1043 ἡ
784 963 861 1024 ΚΗ
879 962 962 1047 πρὸς
984 966 1072 1045 HA,
1097 962 1142 1038 ὡς
1164 957 1197 1024 δὲ

186 1065 207 1149 ἡ
231 1069 309 1130 ΚΗ
326 1066 410 1150 πρὸς
432 1067 493 1150 τὴν
515 1070 603 1150 ΗΑ,
626 1067 732 1142 οὕτως
754 1068 790 1131 τὸ
811 1069 909 1132 ΚΓΔ
932 1072 1097 1153 τρίγωνον
1118 1069 1197 1153 πρὸς

186 1174 224 1237 τὸ
244 1178 275 1236 Α
282 1175 353 1255 ΓΛ,
376 1172 421 1248 ὡς
439 1172 541 1257 ἄραὴ
562 1176 623 1237 ΓΛ
640 1175 724 1259 πρὸς
742 1175 803 1258 τὴν
821 1178 899 1257 ΕΖ,
921 1174 1027 1250 οὕτως
1045 1176 1082 1239 τὸ
1101 1177 1135 1238 Κ
1139 1177 1194 1239 ΓΛ

134 1289 167 1336 10
187 1283 362 1364 τρίγωνον,
384 1278 533 1344 τουτέστι
556 1281 593 1344 τὸ
617 1284 715 1345 ΒΕΖ
737 1283 912 1365 τρίγωνον,
934 1281 1019 1365 πρὸς
1040 1283 1078 1346 τὸ
1100 1286 1132 1344 A
1138 1283 1192 1344 ΓΛ

187 1388 366 1470 τρίγωνον·
398 1383 454 1449 καὶ
487 1386 532 1462 ὡς
563 1388 628 1472 ἄρα
660 1388 696 1451 τὸ
725 1390 824 1452 ΑΓΛ
854 1390 1021 1473 τρίγωνον
1050 1389 1131 1474 πρὸς
1158 1387 1191 1450 τὸ

188 1496 302 1576 ΒΕΖ,
326 1492 431 1568 οὕτως
454 1491 474 1575 ἡ
493 1498 557 1557 ΕΖ
580 1492 676 1577 βάσις
698 1495 782 1579 πρὸς
804 1495 866 1578 τὴν
885 1497 946 1559 ΓΔ
964 1495 1073 1578 βάσιν.
1109 1493 1190 1558 ιἰντι-

186 1597 356 1664 τέπονθεν
397 1599 461 1684 ἄρα
501 1601 541 1664 τὰ
578 1599 746 1684 ἐκκείμενα
783 1604 929 1686 τρίγωνα
964 1613 1037 1678 ταῖς
1073 1599 1195 1666 ἑαυτῶν

186 1706 331 1789 βάσεσιν.
617 1683 639 1738 ⁴

133 1893 166 1940 ω
659 1881 728 1948 υθ.

248 2018 308 2089 Ὧν
340 2025 458 2090 κώνων
491 2024 607 2110 ὀρθῶν
635 2023 858 2091 ιἰντιπέπονθε
884 2027 925 2091 τὰ
952 2027 1008 2092 διὰ
1036 2039 1104 2093 τῶν
1129 2027 1192 2106 ἀξό-
1268 2099 1269 2114 ,

186 2155 256 2196 νων
288 2133 434 2216 τρίγωνα
465 2143 537 2207 ταῖς
563 2129 690 2196 ἑαυτῶν
717 2132 867 2216 βάσεσιν,
900 2128 993 2199 οὗτοι
1021 2140 1088 2200 ἴσοι
1114 2133 1191 2200 sam

187 2236 352 2320 ἀλλήλοις.

255 2348 403 2410 ἔστωσαν
429 2354 532 2408 κῶνοι
559 2344 674 2430 ὀρθοί,
703 2339 750 2410 ὧν
777 2343 924 2431 κορυφαὶ
946 2343 1007 2431 μὲν
1030 2348 1070 2412 τὰ
1093 2353 1138 2431 A,
1163 2351 1188 2411 Β

135 2461 169 2510 20
190 2463 316 2536 σημεῖα,
340 2450 454 2529 ἄξονες
477 2447 514 2516 δὲ
537 2453 574 2516 αἱ
590 2455 677 2535 ΑΗ,
696 2456 762 2516 ΒΘ
780 2452 919 2537 εὐθεῖαι,
942 2453 982 2517 τὰ
1001 2449 1038 2518 δὲ
1056 2454 1112 2518 διὰ
1130 2463 1188 2518 τῶν

187 2554 317 2633 ἀξόνων
339 2561 485 2644 τρίγωνα
509 2559 549 2622 τὰ
572 2564 604 2622 Α
611 2561 680 2642 ΓΛ,
700 2562 807 2642 ΒΕΖ,
829 2557 885 2623 καὶ
908 2562 1002 2643 ἔστω,
1026 2559 1070 2636 ὡς
1092 2559 1112 2642 ἡ
1136 2563 1188 2624 ΓΛ

186 2664 269 2748 πρὸς
286 2664 348 2746 τὴν
367 2669 445 2747 ΕΖ,
464 2664 571 2741 οὕτως
588 2666 625 2730 τὸ
640 2669 737 2730 ΕΒΖ
755 2667 921 2750 τρίγωνον
937 2667 1022 2750 πρὸς
1039 2667 1076 2731 τὸ
1090 2669 1187 2730 ΑΓΛ.

187 2767 286 2852 λέγω,
310 2768 360 2832 ὅτι
385 2774 451 2834 ἶσοι
474 2768 559 2835 εἰσὶν
582 2770 737 2854 ἀλλήλοις
759 2773 794 2836 οἱ
814 2782 925 2838 κῶνοι.

255 2873 418 2959 γενέσθω,
450 2876 496 2954 ὡς
523 2878 559 2942 τὸ
587 2882 685 2942 ΒΕΖ
712 2881 877 2965 τρίγωνον
904 2881 988 2965 πρὸς
1014 2880 1052 2944 τὸ
1079 2881 1184 2961 ΑΓΔ,

131 2994 167 3045 25
187 2982 293 3059 οὕτως
316 2984 352 3048 τὸ
372 2986 470 3048 ΑΓΛ
491 2984 575 3072 πρὸς
598 2985 634 3048 τὸ
654 2988 767 3048 ΚΕΖ·
791 2986 827 3050 τὸ
847 2989 945 3050 ΒΕΖ
969 2986 1033 3071 ἄρα
1055 2987 1133 3072 πρὸς
1152 2987 1183 3049 τὸ

186 3093 288 3154 ΚΕΖ
315 3091 515 3156 διπλασίονα
543 3094 644 3174 λόγον
672 3093 737 3175 ἔχει
764 3093 846 3178 ἤπερ
869 3093 907 3157 τὸ
932 3095 1033 3158 ΓΑΔ
1055 3093 1132 3179 πρὸς
1151 3092 1182 3156 τὸ

186 3199 295 3261 ΚΕΖ.
342 3196 411 3262 ἐπεὶ
434 3193 511 3282 οὖν,
539 3198 584 3274 ὡς
606 3197 627 3281 ἡ
652 3201 718 3263 ΓΛ
740 3199 823 3285 πρὸς
846 3201 907 3284 τὴν
930 3204 1008 3283 ΕΖ,
1031 3200 1132 3276 οὕτως
1151 3199 1180 3263 τὸ

259 3463 282 3511 1.
304 3461 372 3531 ΘΒ]
392 3464 445 3517 ΒΘ
463 3479 490 3531 p.
571 3468 594 3518 7.
615 3460 797 3527 οὔτως-9.
819 3465 888 3536 ΕΖ]
908 3481 960 3520 om.
980 3483 1007 3535 p.
1081 3462 1179 3532 ΡΚΗΛ]

185 3524 238 3593 τὴν
258 3531 312 3580 ΗΑ
330 3529 439 3600 Halley.
513 3539 537 3588 9.
557 3534 594 3595 ὡς
612 3533 679 3606 ἄρα]
699 3552 755 3604 rep.
775 3553 830 3606 mg.
850 3555 887 3591 m.
906 3553 961 3592 rec.
979 3537 1004 3590 V
1023 3535 1083 3591 sine
1100 3549 1180 3588 οεοιε.
