2504 3928
169 165 232 228 218
482 169 571 218 ΠΕΡΙ
587 167 716 221 ΚΩΝΟΤ
734 168 868 223 ΤΟΜΗΣ.

235 313 316 376 έστω
344 322 476 397 πρῶτον
504 311 655 377 ἐλάττων.
706 309 774 377 ἐπεὶ
802 308 865 378 οὖν
892 313 912 396 η
938 315 1004 376 AB
1033 310 1178 376 ἐλάσσων

169 415 238 482 ε’στῖ
265 426 323 501 τῆς
353 417 387 482 έκ
416 426 477 483 τοῦ
504 416 658 504 κέντρου,
687 418 884 506 ἐνηρμόσθω
914 424 969 502 ἴση
997 429 1035 504 τῇ
1063 416 1101 482 ἐκ
1125 425 1179 482 τοῦ

169 523 308 609 κέντρου
332 525 453 609 ἡΑΕ,
476 523 532 590 καὶ
555 527 611 591 διὰ
634 536 701 590 τῶν
725 530 753 590 Β
776 523 832 590 καῖ
850 531 883 591 Ε
899 529 1043 610 σημείων
1060 535 1102 610 τῇ
1124 528 1179 589 ΓΔ

168 633 250 715 πρὸς
276 631 383 716 ὀρθᾶς
410 633 570 716 ἤχθωσαν
598 631 633 696 έν
655 641 701 720 τῷ
724 632 834 720 κύκλῳ
858 633 895 696 αἴ
916 637 996 716 ΕΖ,
1020 636 1105 716 ΕΗ,
1129 629 1179 696 καί

135 748 209 823 ὅτῇ
236 737 301 803 ὑπὸ
329 743 429 804 ΑΕΒ
459 745 513 822 ἴση
543 738 730 803 συνεστάτω
761 738 781 822 η
810 738 876 804 ὑπὸ
904 743 967 804 ΕΒ
976 743 1018 824 Θ,
1045 737 1101 804 καὶ
1128 737 1178 803 έτ·

167 845 310 928 εζεύχθω
339 844 359 928 ἡ
386 851 456 910 ΘΕ.
503 843 572 911 ἐπεὶ
599 842 662 911 οὖν
685 843 819 933 ἑκατέρα
842 856 911 911 τῶν
933 851 1015 930 ΑΕ,
1037 850 1103 911 ΒΘ
1128 851 1177 926 ἴση

168 950 237 1017 ἐστὶ
266 963 306 1038 τῇ
337 952 371 1018 ἐκ
400 961 461 1017 τοῦ
488 950 643 1038 κέντρου,
669 953 764 1036 κοινὴ
793 949 830 1018 δὲ
858 951 879 1035 ἡ
902 957 984 1036 ΒΕ,
1012 952 1068 1018 καί
1089 973 1177 1036 κερι-

168 1056 302 1142 έχουσιν
329 1065 402 1136 ἴσας
428 1063 565 1142 γωνίας,
593 1057 649 1124 καὶ
675 1060 715 1124 τᾶ
743 1059 842 1125 λοιτιᾶ
869 1061 934 1144 ἄρα
961 1071 1032 1137 τοῖς
1053 1065 1177 1134 λοιποῖς
1245 1087 1246 1150 j

170 1171 238 1229 ἴσα·
262 1167 359 1249 ὅμοια
383 1168 446 1250 ἄρα
468 1167 509 1230 τὰ
531 1169 686 1251 τρίγωνα.
723 1166 768 1242 ὡς
791 1167 854 1250 ἄρα
877 1165 897 1249 ἡ
917 1171 984 1230 ΕΑ
1007 1167 1087 1252 πρὸς
1105 1169 1174 1248 ΑΒ,

115 1281 148 1328 10
168 1272 324 1356 οὕτωςὴ
352 1276 417 1336 ΒΘ
442 1273 525 1356 πρὸς
555 1277 625 1337 ΘΕ.
677 1270 746 1338 ἐπεὶ
774 1268 811 1337 δὲ
838 1275 956 1356 μείζων
984 1272 1004 1356 ἡ
1034 1277 1096 1338 ΖΕ
1119 1282 1174 1354 τῆς

166 1383 245 1461 ΕΘ,
274 1384 343 1443 ἴσαι
370 1375 407 1444 δὲ
435 1380 472 1443 αί
491 1382 574 1463 ΒΗ,
598 1383 677 1462 ΒΘ,
701 1379 721 1463 η
745 1381 808 1465 ἄρα
831 1383 897 1444 ΒΘ
918 1379 1002 1463 πρὸς
1027 1385 1092 1445 ΘΕ
1109 1382 1172 1464 μεί-

168 1489 243 1564 ζονα
271 1489 372 1569 λόγον
400 1489 465 1570 ἔχει
492 1487 574 1572 ἥπερ
602 1485 623 1570 ἡ
650 1490 723 1551 BH
745 1487 829 1573 πρὸς
858 1491 928 1551 ΖΕ.
981 1485 1054 1552 ἄλλ’
1084 1487 1126 1563 ὡς
1153 1485 1172 1567 ἡ

166 1597 232 1658 ΒΘ
257 1595 341 1679 τιρὸς
370 1598 448 1678 ΘΕ,
477 1593 583 1669 οὕτως
609 1593 630 1677 ἡ
657 1597 724 1658 ΕΛ
750 1594 834 1679 τιρὸς
860 1597 940 1658 ΑΒ·
973 1593 993 1677 η
1022 1595 1085 1679 ἄρα
1109 1597 1171 1658 ΕΑ

165 1701 248 1785 πρὸς
271 1705 336 1764 AB
364 1704 496 1785 μείζονα
524 1702 625 1783 λόγον
652 1703 717 1784 ἔχει
744 1701 826 1785 ἄτερ
854 1699 875 1784 ἡ
902 1703 976 1765 ΒΗ
997 1701 1081 1786 πρὸς
1103 1703 1169 1764 ΕΖ.
1246 1711 1247 1714 ’

114 1813 147 1860 15
166 1808 202 1872 τὸ
230 1809 294 1892 ἄρα
317 1807 381 1872 ὑπὸ
405 1812 486 1891 ΛΕ,
509 1811 573 1872 ΕΖ
594 1809 705 1892 μεῖζόν
728 1806 797 1872 ἐστι
821 1814 881 1872 τοῦ
904 1806 969 1872 ὑπὸ
993 1812 1071 1890 ΑΒ,
1095 1808 1168 1888 ΒΗ,

165 1911 314 1982 τουτέστι
343 1914 379 1978 τὸ
408 1914 464 1978 διὰ
487 1922 545 1998 τῆς
567 1919 636 1979 ΛΕ
658 1912 836 1998 ἰσοσκελές,
861 1909 902 1978 οὗ
925 1913 1022 1996 βᾶσις
1045 1911 1168 1994 έστῖνὴ

165 2019 264 2102 διπλῆ
287 2029 346 2102 τῆς
369 2025 449 2104 ΕΖ,
471 2029 531 2085 τοῦ
554 2022 610 2086 διὰ
632 2030 692 2086 τοῦ
716 2019 832 2099 ἄξονος
856 2023 1047 2098 ι’σοσκελοῦς
1069 2021 1168 2106 μεῖζόν

166 2124 247 2216 ἐστι(
277 2127 316 2190 τὸ
348 2127 412 2212 ἄρα
442 2127 499 2191 θιᾶ
529 2135 589 2192 τοῦ
624 2125 742 2205 ἄξονος
775 2123 939 2204 ἰσοσκελὲς
970 2129 1011 2192 οὐ
1043 2128 1167 2194 πάντων

165 2230 321 2316 μέγιστόν
348 2231 417 2297 ἐστι
444 2243 526 2317 τῶν,
554 2234 599 2310 ὡς
621 2240 762 2320 εἴρηται,
785 2232 1037 2318 συνισταμένων
1058 2234 1166 2320 τριγώ-
1247 2299 1248 2306 .

112 2347 145 2395 20
164 2364 242 2405 νων.
288 2339 422 2425 ἐδείχθη
446 2336 483 2405 δὲ
506 2340 609 2429 ἐντῷ
632 2350 814 2429 τριακοστῷ
837 2339 919 2428 ἕκτῳ
942 2344 1101 2424 καθόλου,
1123 2341 1165 2406 ὅτι

164 2445 243 2512 οὐδὲ
270 2447 455 2533 έλᾶχιστον·
484 2449 559 2513 οᾶτε
585 2449 648 2533 ἄρα
671 2445 826 2532 μέγιστόν
849 2446 918 2512 έστι
940 2446 1077 2512 κᾶντων
1099 2447 1165 2512 οὔτε

164 2553 344 2638 ίλᾶχιστον.

637 2661 703 2746 μα’.

227 2774 324 2840 Ἀλλᾶ
347 2777 389 2860 δὴ
413 2780 494 2842 ἴστω
518 2777 536 2843 ὁ
555 2785 587 2844 Λ
593 2783 621 2844 Β
639 2777 728 2857 ἄξων
747 2784 817 2854 ἴσος
835 2787 874 2862 τη
893 2776 929 2842 έκ
947 2785 1006 2841 τοῦ
1026 2775 1165 2860 κέντρου.

110 2887 144 2937 25
228 2881 248 2964 ἡ
278 2884 318 2966 θη
346 2883 411 2948 ὑπὸ
435 2888 539 2950 ΑΒΔ
565 2889 671 2968 γωνία
698 2885 843 2951 έλᾶττωυ
866 2880 949 2950 οὖσα
972 2883 1080 2969 ὀρθῆς
1100 2883 1164 2964 ἤτοι

163 2989 306 3055 έλᾶττων
329 2987 420 3056 ἐστίν
441 2988 591 3075 ἡμισείας
614 2992 719 3077 ὀρθῆς
742 2991 762 3076 ἢ
785 2993 835 3058 οὔ.

229 3100 310 3162 ἔστω
332 3101 495 3184 πρότερον
518 3099 579 3164 οὐκ
602 3098 745 3164 ἐλάττων
767 3097 930 3184 ἡμισείας,
955 3094 1011 3161 καί
1035 3097 1091 3162 διὰ
1113 3103 1165 3160 τοῦ

232 3291 549 3415 2,ἴκ(ρίτ.)]ἐκτηςο.
605 3297 629 3346 4.
650 3293 717 3360 ΕΖ,
736 3291 808 3364 ΒΗ]
828 3294 892 3359 ΗΒ,
911 3295 962 3346 ΒΖ
980 3307 1007 3359 p.
1066 3289 1166 3412 ΒΗΓ)

162 3361 191 3412 et
208 3360 242 3429 V,
266 3362 315 3415 sed
356 3365 369 3416 t

369 3365 430 3416 tera
449 3367 471 3416 B
489 3361 601 3416 macula
620 3362 782 3431 obscurata,
810 3365 863 3418 ΒΘ
882 3379 928 3416 νο.
1001 3366 1026 3416 9.
1047 3360 1106 3432 ίσα]
1135 3375 1164 3411 σα

163 3453 232 3509 καί
255 3476 281 3524 p.
373 3465 414 3514 10.
438 3459 512 3512 Ante
530 3459 548 3527 ἡ
564 3459 635 3529 (αι.)
654 3459 718 3512 add.
738 3465 756 3526 †
780 3462 808 3513 et
826 3477 882 3528 mg.
907 3459 941 3528 ,η
960 3447 1058 3528 {Evae
1076 3447 1113 3512 ἐν
1131 3456 1164 3510 sic

163 3527 332 3594 apographf‘
355 3547 391 3582 m.
413 3546 467 3583 rec.
486 3529 519 3583 V.
613 3531 680 3600 ZE]
706 3532 764 3584 ΗΕ
786 3549 812 3600 p.
904 3535 946 3584 11.
976 3531 1046 3601 BH]
1072 3533 1120 3584 ΒΖ
1141 3545 1164 3597 p.
