2574 3934
160 161 203 224 38
431 163 518 214 ΠΕΡΙ
536 161 751 214 ΚΤΔΙΝΔΡΟΤ
770 163 907 214 ΤΟΜΗΣ.

161 306 334 390 τετμήσθω
363 305 380 370 ὁ
408 306 601 391 κύλινδρος,
624 306 670 382 ὡς
691 311 833 391 εἴρηται,
857 304 998 393 ἐπιπέδῳ
1022 314 1189 371 ποιοῦντι

162 415 224 496 τὴν
250 416 391 476 ΕΖΗΘ
418 415 536 496 τομήν,
567 414 650 478 ὥστε
678 415 934 495 συμπιπτόντων
961 421 1021 476 τοῦ
1054 436 1088 477 τε
1117 423 1190 497 τῆς

161 523 302 583 ΕΖΗΘ
328 528 429 603 τομῆς
455 518 594 585 καὶτοῦ
617 528 675 603 τῆς
698 522 768 583 ΑΓ
786 519 912 603 βάσεως
935 518 1093 585 ἐπιπέδου
1115 521 1190 603 τὴν

161 627 279 710 κοινὴν
302 627 407 710 τομὴν
429 627 491 710 τὴν
513 629 582 690 ΚΛ
604 627 688 711 πρὸς
710 626 817 711 ὀρθάς
839 621 925 691 εἶναι
948 637 987 712 τῇ
1012 629 1105 691 ΓΑΛ
1123 627 1184 691 εὐ·

128 736 249 821 οδείῳ,
272 732 328 798 καὶ
352 733 415 797 άπὸ
439 741 497 816 τῆς
519 737 627 797 ΕΖΗ
645 742 746 817 τομῆς
768 735 864 817 ἤχθω
887 757 938 809 τις
960 733 1076 798 εὐθεῖα
1094 754 1187 818 παρ·

162 840 303 923 άλληλος
322 849 360 924 τῇ
375 840 478 923 1(Λὴ
495 843 570 904 ΖΜ
579 838 635 904 καὶ
652 843 939 925 προσεκβληθεῑσα
956 841 1186 925 περατούσθω
1274 875 1275 878 “

160 948 243 1011 κατὰ
262 948 299 1012 τὸ
318 945 432 1032 ἕτερον
449 944 548 1032 μέρος
566 955 623 1030 τῆς
641 945 834 1031 ἐπιφανείας
852 948 935 1011 κατδι
953 949 990 1012 τὸ
1012 952 1048 1011 Θ.
1081 945 1187 1032 λέγω,

162 1053 213 1118 ὅτι
240 1053 261 1136 ἡ
292 1058 368 1118 ΖΜ
389 1057 499 1118 πίπτει
528 1052 582 1118 ἐπὶ
608 1056 670 1137 τὴν
696 1058 779 1138 ΕΗ,
806 1052 863 1118 καὶ
890 1055 940 1119 ὅτι
966 1060 1019 1137 ἴση
1043 1052 1136 1118 ἐστὶν
1162 1055 1187 1139 ἡ
1275 1055 1276 1066 ἶ

163 1163 242 1223 ΖΜ
259 1170 298 1244 τῇ
322 1163 367 1223 Μ
368 1165 405 1224 Θ.

110 1293 143 1341 10
230 1281 299 1348 ἐπεὶ
326 1284 389 1367 γάρ
417 1283 454 1348 ἐν
480 1296 519 1371 τῇ
542 1289 651 1349 ΕΖΗ
673 1293 755 1370 τομῇ
783 1283 993 1370 παράλληλος
1018 1279 1115 1368 ἦκται
1140 1297 1186 1371 τῇ

162 1393 230 1453 ΚΛ
259 1388 280 1471 ἡ
311 1393 395 1473 ΖΜ,
428 1389 520 1467 ἐντὸς
549 1393 614 1476 άρα
645 1394 755 1455 πίπτει
785 1400 846 1456 τοῦ
877 1394 942 1455 ΓΛ
971 1397 1186 1477 παραλληλο-

162 1496 324 1581 γράμμου.
379 1495 447 1561 ἐπεὶ
480 1495 520 1562 δέ
549 1497 640 1562 ἐστιν
669 1498 690 1581 ἡ
721 1495 782 1581 μὲν
815 1501 893 1562 ΖΜ
917 1498 1033 1563 εὐθεῖα
1065 1498 1101 1563 ἐν
1134 1509 1185 1586 τῷ

161 1607 300 1667 ΕΖΗΘ
328 1602 484 1691 ἐπιπέδῳ,
512 1603 533 1686 ἡ
561 1600 598 1668 δέ
626 1608 699 1668 ΕΗ
722 1605 818 1686 κοινὴ
847 1606 929 1689 τομή
957 1604 1048 1670 ἐστιν
1072 1605 1184 1671 αὐτοῦ

161 1708 216 1774 καὶ
243 1719 303 1774 τοῦ
328 1713 393 1774 ΓΛ
420 1709 779 1796 παραλληλογράμμου,
807 1711 827 1794 ἡ
858 1714 935 1775 ΖΜ
952 1713 1016 1797 ἄρα
1040 1710 1093 1776 ἐπὶ
1117 1715 1184 1796 τὴν

111 1826 143 1874 15
162 1821 234 1880 ΕΗ
255 1821 375 1881 πίπτει.

229 1942 279 2006 ὅτι
308 1939 344 2006 δὲ
371 1941 427 2006 καὶ
455 1943 475 2026 ἡ
505 1947 582 2007 ΖΜ
604 1953 643 2029 τῇ
669 1947 741 2007 ΜΘ
765 1949 819 2026 λ’ση
844 1942 925 2026 ἐστί,
949 1945 1098 2030 φανερὸν
1122 1943 1182 2008 καὶ

163 2048 243 2112 αὐτὸ
267 2049 323 2111 διὰ
347 2050 384 2112 τὸ
407 2050 471 2134 πρὸ
494 2051 615 2114 τούτου
638 2050 805 2134 Ιθεώρημα.

229 2174 347 2237 λοιπὸν
370 2175 423 2237 δεῖ
444 2171 557 2257 δεῖξαι,
582 2175 632 2240 ὅτι
655 2174 675 2257 ἡ
695 2179 763 2239 ΚΛ
782 2175 890 2260 ὀρθοῦ
913 2171 974 2258 μὲν
997 2175 1094 2250 ὄντος
1116 2185 1182 2239 τοῦ

162 2281 345 2363 κυλίνδρου
368 2279 388 2364 ἢ
412 2291 472 2346 τοῦ
497 2284 563 2345 ΓΔ
585 2283 668 2366 πρὸς
690 2281 797 2366 ὀρθάς
820 2283 916 2356 ὄντος
938 2290 977 2365 τῇ
1003 2281 1097 2364 βάσει
1116 2291 1183 2347 τοῦ
1281 2315 1282 2320 ’

108 2393 143 2442 20
161 2388 344 2473 κυλίνδρου
376 2389 459 2474 πρὸς
489 2388 595 2474 ὀρθάς
623 2387 691 2452 ἐστι
719 2398 758 2473 τῇ
787 2392 901 2452 ΕΗΛ.
951 2385 1020 2452 ἐπεὶ
1048 2389 1112 2473 γὰρ
1142 2390 1183 2454 τὸ
1280 2425 1282 2462 2

160 2490 222 2577 μὲν
252 2497 317 2559 ΓΔ
348 2494 503 2560 ἐπίπεδον
532 2496 616 2580 πρὸς
649 2493 756 2580 ὀρθάς
791 2494 858 2559 ἐστι
893 2504 938 2582 τῷ
966 2503 1024 2578 τῆς
1051 2494 1185 2577 βάσεως

161 2598 314 2688 ἐπιπέδῳ,
338 2613 376 2687 τῇ
396 2597 433 2665 δὲ
451 2610 547 2686 κοινῇ
566 2601 676 2666 αὐτῶν
695 2610 777 2686 τομῇ
792 2611 831 2686 τῇ
851 2604 952 2665 ΓΑΛ
969 2602 1053 2687 πρὸς
1070 2600 1184 2685 ὀρθάς
1281 2629 1282 2658 ;

161 2705 251 2769 ἐστιν
274 2706 294 2789 ἡ
314 2710 382 2771 ΚΛ
405 2706 441 2771 ἐν
464 2715 509 2794 τῷ
532 2715 590 2790 τῆς
612 2705 738 2790 βάσεως
761 2707 902 2796 ἐπιπέδῳ
927 2703 1025 2792 οὖσα,
1052 2705 1108 2772 καὶ
1130 2719 1183 2796 τῳ

161 2817 265 2900 λοιπῷ
284 2815 348 2898 ἄρα
361 2822 407 2900 τῷ
422 2822 482 2877 τοῦ
498 2815 563 2878 ΓΔ
577 2813 921 2900 παραλληλογράμμου
937 2812 1079 2901 ἐπιπέδῳ
1094 2815 1184 2899 πρὸς
1281 2829 1282 2840 ’

108 2927 142 2977 25
162 2917 269 3004 ὀρθάς
292 2919 390 2985 ἐστιν.

228 3045 260 3108 εί
295 3040 332 3108 δέ
363 3046 400 3110 τὸ
434 3048 498 3109 ΓΔ
535 3045 596 3110 οὔκ
629 3043 697 3108 ἐστι
734 3047 818 3131 πρὸς
853 3045 960 3131 ὀρθάς
996 3055 1036 3131 τῇ
1072 3042 1183 3128 βάσει,

235 3243 259 3290 3.
279 3238 348 3308 ΑΓ]
369 3240 418 3290 ΓΑ
432 3255 458 3305 p.
516 3242 538 3291 7.
559 3236 740 3309 ἐπιφανείας]
760 3236 946 3306 ἐπῖζφανείας
959 3237 992 3292 V.
1049 3242 1090 3290 10.
1111 3235 1181 3309 γάρ]

163 3324 232 3361 eon.
252 3324 286 3362 ex
305 3306 485 3362 affinem-ib.
506 3324 528 3361 ο.
604 3314 644 3361 13.
665 3310 794 3380 ΕΖΗΘ]
813 3327 845 3378 ρ,
872 3311 992 3364 ΕΖΘΗ
1008 3307 1061 3362 Vc.
1136 3312 1181 3362 14.

163 3376 224 3449 καί]
242 3397 271 3432 τε
290 3377 338 3434 καί
356 3398 383 3449 p.
458 3383 499 3433 19.
520 3378 600 3441 ὄντος
618 3411 654 3419 -
672 3384 714 3433 21.
735 3377 837 3451 ὀρθάς]
858 3379 903 3434 bin
921 3380 975 3435 Vc.
1048 3385 1092 3433 21.
1110 3377 1183 3434 Post

163 3448 255 3514 ὀρθάς
263 3466 319 3518 rep.
331 3450 412 3514 ὄντος
421 3448 545 3575 τῇνβάσει
554 3458 604 3505 τοῦ
613 3447 764 3520 κυλίνδρου
773 3451 843 3519 πρὸς
852 3449 944 3521 ὀρθάς
953 3468 968 3506 e
978 3450 1026 3506 lin.
1037 3455 1141 3504 19-20
1151 3468 1181 3519 p.

200 3525 242 3572 25.
263 3519 348 3593 ἐστιν]
368 3521 426 3576 ἐοτῖ
471 3565 476 3576 .
