2504 3928
400 172 450 220 uu
469 169 644 221 sucuouu
664 169 758 224 00u1.
1019 168 1081 233 139

87 314 159 378 dua
185 315 304 379 ratione
338 319 396 378 est.
451 336 549 398 quare
583 315 610 378 si
641 314 675 378 ‘m
703 315 774 380 basi
803 315 876 379 coni
908 315 1081 380 inserimus

87 425 198 484 rectam
228 421 325 506 duplo
358 421 512 485 maiorem
544 425 634 486 recta
665 424 737 485 ΗΔ
772 427 805 486 et
835 443 894 505 per
924 421 1081 486 insertam

88 527 291 613 uerticemque
325 527 398 592 coni
431 527 563 612 planum
595 526 741 592 ducimus
747 580 755 612 ‚
786 527 822 590 in
849 549 930 592 cono
961 527 1081 591 efficiet

87 633 274 720 anangulum
307 635 405 718 duplo
437 634 591 699 maiorem
622 656 719 718 quam
746 638 865 699 ΑΗΔ.
919 655 998 718 ergo
1025 633 1082 697 tri-

84 741 211 826 angulus
238 741 287 806 iu
314 745 520 806 constructus
549 741 589 804 ad
616 743 716 805 ΑΓΔ
747 741 906 804 rationem
938 739 1082 824 habebit,

83 869 171 930 quam
194 852 303 912 AHA
318 871 325 911 ε
341 850 445 912 ΑΒΔ
468 847 537 912 siue
560 850 614 911 K:
630 850 668 910 Λ.

558 1042 597 1106 Χ.

162 1165 194 1230 Si
218 1190 318 1232 conus
341 1172 448 1232 rectus
471 1189 529 1251 per
548 1166 703 1231 uerticem
725 1166 832 1250 planis
856 1171 992 1251 secatur,
1015 1188 1080 1230 uno

75 1295 134 1356 per
159 1297 262 1358 axem,
292 1272 363 1339 aliis
391 1279 499 1338 autem
531 1277 622 1338 extra
649 1294 754 1354 axem,
782 1277 815 1337 eh
842 1271 1081 1358 ariangulorum

78 1385 167 1445 extra
181 1403 272 1446 axem
286 1381 473 1446 effectorum
488 1379 604 1463 aliquis
618 1378 783 1464 triangulo
802 1401 861 1463 per
875 1401 968 1444 axem
982 1380 1080 1445 ducto

75 1489 216 1571 aequalis
240 1493 304 1573 est,
328 1489 395 1552 axis
420 1487 493 1552 coni
516 1487 623 1550 minor
646 1485 707 1550 erit
730 1485 821 1548 radio
845 1485 942 1550 basis.

759 1595 847 1656 secto
871 1613 952 1657 cono
976 1594 1082 1657 effecti

689 1698 755 1762 sint
800 1697 974 1783 trianguli,
1022 1721 1081 1783 per

689 1826 781 1868 axem
791 1806 896 1887 ΑΓΔ,
906 1808 997 1868 extra
1007 1827 1081 1868 eum

690 1916 799 1976 autem
809 1911 1080 1996 AEZtriangulo

689 2021 792 2082 ΑΓΔ
835 2016 993 2102 aequalis,
1038 2017 1082 2081 sia

689 2129 797 2188 autem
811 2128 874 2188 ΕΖ
893 2129 1000 2189 rectae
1021 2127 1082 2189 ΓΔ

688 2231 842 2314 parallela
873 2231 1082 2315 perpendicu-

689 2337 836 2421 laresque
855 2341 930 2419 AB,
945 2341 1026 2421 AH,
1049 2341 1081 2400 et

83 2452 114 2506 Γ
617 2470 641 2515 A
689 2441 848 2506 ducantur
893 2446 974 2527 BE,
1001 2446 1080 2506 ΒΗ.

124 2488 609 2715 mm
689 2547 775 2632 dieo,
807 2571 900 2613 axem
927 2553 993 2613 AB
1021 2550 1082 2612 mi-

108 2685 140 2738 Ε
590 2685 617 2736 Ζ
688 2676 801 2720 norem
816 2678 886 2721 esse
903 2656 994 2720 radio
1010 2661 1081 2721 ΒΔ.

417 2730 453 2781 H
755 2763 909 2847 quoniam

165 2767 361 2980 K
711 2871 745 2936 Δ
764 2875 867 2935 ΑΕΖ
888 2903 928 2924 --
949 2874 1061 2956 ΑΓΔ,

692 2975 790 3040 etiam
833 2977 948 3061 dupla,
993 2978 1025 3042 h.
1057 2999 1083 3044 e.

80 3080 280 3148 EZ><HA
298 3114 332 3134 ==
353 3084 565 3160 ΓΔ><ΒΑ;
594 3105 691 3166 quare
1123 3154 1125 3158 ,

132 3191 1024 3253 ΓΔεΕΖ--ΗΑεΑΒ-εΓΒεΕΗεΒΕεΕΗ

83 3296 227 3370 quoniam
264 3295 366 3381 igitur
401 3296 464 3360 duo
502 3296 658 3381 triangulj
695 3299 811 3378 ΒΕΗ,
839 3298 946 3359 ΗΑΒ
983 3316 1084 3358 unum

219 3408 286 3412 .--—
293 3407 495 3414 ---...—.-.—
508 3407 608 3413 —...-..
643 3406 761 3411 ———
798 3404 1082 3410 ——-——-.-—-—-

84 3441 144 3521 ἔστι]
162 3451 221 3508 ἴσον
241 3451 296 3522 ἄρα
316 3450 372 3510 ἐστί
390 3471 416 3522 p.
508 3451 568 3506 ἴσον
588 3450 659 3522 ἐστί]
684 3468 736 3504 om.
756 3469 783 3518 p.
874 3457 915 3504 22.
941 3452 1010 3522 EZ]
1031 3450 1083 3520 τὴν

85 3516 132 3572 ΕΖ
148 3541 174 3592 p.
246 3530 288 3578 23.
309 3529 370 3580 ΕΗ
381 3524 562 3594 (auumqueu
581 3523 632 3591 τὴν
652 3525 711 3576 ΕΗ
727 3539 753 3590 p.
