2488 3938
350 200 400 250 DE
419 200 596 252 SECTIONE
616 200 794 252 OYLINDRI.
1036 199 1077 262 61

136 348 273 429 ponatur
300 343 483 428 triangulus
513 343 658 407 scalenus
683 345 788 407 ΑΒΓ
805 342 841 406 in
862 343 934 407 basi
958 346 1026 407 ΒΓ
1043 344 1079 408 in

77 455 106 514 Α
129 450 161 514 in
187 451 266 515 duaa
294 453 404 534 partes
433 449 582 532 aequales
606 453 709 535 secta,
737 449 843 534 sitque
867 453 932 513 AB
947 461 981 522 >
997 454 1077 534 Ar,

78 561 106 620 et
127 557 164 620 ad
183 559 247 621 ΓΑ
269 561 392 621 rectam
414 561 633 640 punctumque
652 562 684 620 A
708 556 845 642 angulus
869 560 1079 622 construatur

77 662 163 726 rectia
183 665 260 747 ΓΑ,
278 668 349 729 ΑΕ
370 663 620 747 comprehensus
641 667 698 727 aut
716 663 819 728 maior
837 663 958 749 angulo
976 666 1083 728 ΑΒΓ

78 772 127 832 aut
143 769 254 854 minor,
273 774 307 834 et
322 776 354 835 A
359 774 391 834 E
408 792 482 834 cum
496 773 595 835 ΒΓΕ
611 771 646 834 in
659 775 691 835 E
703 774 883 856 concurrat,
901 773 1074 834 rectarum·

80 896 132 957 que
149 879 223 959 BE,
243 879 312 941 ΕΓ
330 877 436 941 media
453 877 705 961 proportionalis
726 877 769 941 sit
787 881 865 960 ΕΖ,
889 881 922 942 et
941 877 1076 940 ducatur

79 986 106 1044 Α
112 985 149 1064 Z,
167 986 198 1046 et
216 987 324 1047 rectae
343 988 412 1048 ΑΕ
427 982 582 1067 parallelo
599 983 634 1046 in
652 983 817 1070 triangulo
836 984 973 1049 ducatur
993 986 1066 1047 ΘΗ
1069 1031 1078 1066 ‚

88 2581 113 2639 et
134 2599 186 2661 per
211 2579 332 2660 puncta
362 2577 404 2657 Θ,
431 2576 470 2636 Η
493 2577 599 2638 rectae
623 2578 688 2637 ΑΖ
715 2573 887 2657 parallelae
916 2575 1074 2642 ducantur

89 2685 152 2767 ΘΚ,
182 2685 311 2764 ΛΗΜ,
348 2679 577 2763 expleaturque
613 2680 952 2766 parallelogrammum
984 2687 1074 2768 KM,

86 2810 131 2872 per
155 2794 219 2854 ΒΕ
250 2792 358 2854 autem
390 2788 487 2852 ducto
519 2787 616 2872 plano
649 2789 689 2852 ad
716 2787 849 2873 planum
878 2793 981 2854 ΒΑΕ
1005 2815 1075 2876 per-

86 2895 265 2978 pendiculari
295 2895 331 2959 in
361 2895 458 2978 plano
492 2895 588 2959 ducto
620 2895 821 2960 describatur
852 2896 974 2962 circum
1007 2902 1075 2963 KA

88 3001 262 3068 diametrum
294 3000 433 3066 circulus
466 3004 541 3066 KN
542 3005 587 3085 A,
624 3001 679 3086 qui
711 3001 799 3066 basis
833 3002 895 3066 erit
928 3003 1074 3088 cylindri,

88 3109 162 3175 cuius
187 3114 238 3176 est
260 3111 342 3175 ΚΜ
362 3106 703 3193 parallelogrammum
729 3129 787 3192 per
815 3131 907 3173 axem
933 3110 1074 3193 ductum,

88 3214 190 3282 circum
226 3218 294 3280 ΒΓ
325 3219 435 3278 autern
471 3213 665 3280 diametrum
700 3215 840 3280 circulus
872 3214 981 3299 ΒΞΓ,
1019 3216 1074 3300 qui

88 3320 159 3388 basis
185 3322 247 3388 erit
272 3320 360 3406 coni,
387 3320 477 3386 cuiue
502 3326 552 3386 est
575 3325 679 3387 ΑΒΓ
696 3320 878 3407 triangulus
901 3343 959 3404 per
982 3345 1074 3388 axem

88 3430 208 3516 positus,
240 3432 273 3494 et
305 3432 395 3493 recta
424 3431 497 3492 ΘΗ
525 3428 565 3492 ad
594 3432 622 3492 0
652 3429 810 3512 producta
842 3425 882 3490 ad
909 3431 976 3492 ΒΕ
1004 3451 1075 3513 per·

89 3534 283 3615 pendicularia
313 3534 451 3598 ducatur
475 3538 545 3598 ΟΠ
564 3533 599 3597 in
621 3534 718 3617 plano
742 3529 935 3596 circulorum
958 3534 1075 3619 posita,
