2488 3938
154 152 199 216 54
424 152 512 202 ΠΕΡΙ
529 149 743 202 ΚΤΛΙΝΔΡΟΤ
760 147 896 199 ΤΟΜΗΣ

634 326 693 412 ιη’.
1236 348 1237 390 ι

219 451 295 518 Ἐὰν
325 452 362 517 έν
391 454 574 540 κυλίνδρου
603 461 686 538 τομῇ
716 455 867 534 συζυγεῑς
895 450 1065 538 διάμετροι
1094 446 1177 535 ὦσι,

154 558 209 625 καὶ
240 566 381 645 ποιηθῇ,
414 560 459 636 ὡς
485 560 506 644 ἡ
534 558 671 646 δευτέρα
699 559 874 646 διάμετρος
900 559 982 643 πρὸς
1008 560 1069 642 την
1096 559 1177 622 διά-
1237 578 1238 600 ¹

153 691 288 754 μετρον,
316 667 422 743 οὕτως
449 666 469 750 ἡ
493 666 667 752 διάμετρος
688 667 772 750 πρὸς
793 667 898 749 δίλλην
920 664 1010 748 τινα,
1032 666 1103 747 ἥτις
1124 664 1176 730 ἂν

120 788 136 836 ο
155 773 219 839 νἰπὸ
238 782 295 857 τῆς
313 782 415 858 τομῆς
433 771 485 838 ἐπὶ
503 775 564 858 τὴν
582 771 741 858 δευτέραν
760 771 937 858 διάμετρον
953 771 1042 856 ἄχθη
1056 795 1175 855 τεταγ-
1238 815 1239 834 τ

155 880 272 966 μένοις,
291 881 468 963 δυνήσεται
487 881 524 945 τὸ
543 881 632 966 παρὰ
647 881 711 964 ,τὴν
728 882 844 965 τρίτην
861 878 1028 960 ἀνάλογον
1046 880 1175 955 πλάτος

155 991 231 1072 ἔχον
254 989 315 1072 την
337 985 395 1051 ὑπ’
420 987 521 1070 αὐτῆς
543 996 601 1071 τῆς
622 984 825 1070 τεταγμένως
846 985 1004 1070 ἀχθείσης
1022 985 1172 1070 ἄπολαμ-
1239 1036 1240 1078 ,

154 1092 342 1178 βανομίνην
364 1094 447 1180 πρὸς
464 1104 504 1178 τῇ
522 1103 604 1179 τομῇ
623 1091 773 1159 ἐλλεῖπον
792 1093 872 1157 ελδει
890 1091 993 1179 ὁμοίῳ
1013 1101 1058 1180 τῷ
1076 1114 1173 1178 περι-
1239 1085 1240 1094 “

154 1198 298 1288 εχομίνῳ
326 1200 391 1264 ὑπὸ
419 1208 476 1283 τῆς
504 1198 659 1286 δευτέρας
687 1197 864 1286 διαμέτρου
894 1196 949 1263 καὶ
972 1207 1030 1282 τῆς
1052 1215 1172 1286 πορισ-

101 1320 135 1367 10
153 1307 269 1391 θείσης
291 1309 403 1393 τρίτης
425 1305 598 1389 ἀνάλογον.

221 1415 303 1478 ἔστω
327 1414 509 1500 κυλίνδρου
532 1415 625 1497 τομή,
648 1410 703 1477 καὶ
722 1411 880 1495 γενέσθω,
904 1412 949 1490 ὡς
967 1411 987 1495 ἡ
1008 1416 1074 1477 ΓΛ
1092 1413 1171 1477 δευ-

154 1518 232 1606 τέρα
254 1518 429 1608 διάμετρος
451 1523 534 1606 πρὸς
555 1521 616 1603 την
637 1523 703 1584 ΑΒ
726 1517 913 1606 διάμετρον,
936 1519 1042 1595 οὕτως
1060 1518 1080 1601 ἡ
1100 1523 1170 1583 ΑΒ

152 1629 235 1713 πρὸς
258 1629 318 1712 τὴν
342 1631 419 1712 ΓΗ,
442 1625 497 1693 καὶ
519 1629 643 1692 κείσθω
667 1626 687 1709 η
710 1629 781 1691 ΓΗ
800 1627 884 1711 πρὸς
906 1624 1013 1711 ὀρθὰς
1031 1633 1071 1710 τῇ
1091 1629 1169 1708 ΓΔ,

152 1730 207 1797 καὶ
227 1732 411 1818 ἐπεζεύχθω
430 1735 450 1819 ἡ
469 1738 551 1818 ΔΗ,
570 1737 625 1798 καλ
644 1731 697 1797 ἐπὶ
715 1735 777 1816 τὴν
797 1735 861 1797 ΓΔ
879 1734 1034 1816 κατήχθω
1054 1755 1170 1816 τεταγ-

101 1852 134 1900 15
153 1838 257 1923 μένως
279 1840 299 1923 ἡ
323 1845 396 1923 ΕΖ,
419 1838 473 1904 καὶ
497 1842 585 1926 παρὰ
607 1836 668 1924 μὲν
690 1842 751 1924 τὴν
775 1842 847 1903 ΓΗ
865 1838 885 1921 ἡ
912 1843 993 1923 ΖΘ,
1016 1840 1105 1926 παρὰ
1130 1837 1169 1904 δὲ
1242 1871 1243 1878 ¹

152 1947 213 2030 τὴν
238 1949 303 2010 ΓΔ
327 1945 347 2029 ἡ
373 1950 446 2012 ΘΚ.
490 1945 588 2034 λέγω,
611 1946 721 2011 ὅτιτὸ
745 1945 808 2011 ἀπὸ
832 1950 974 2029 τῆςΕΖ
999 1951 1073 2011 ἴσον
1096 1944 1167 2012 ἐστὶ

151 2061 197 2138 τῷ
222 2054 285 2116 ΓΘ
307 2052 645 2141 παραλληλογράμμῳ.

219 2156 287 2222 ἐπεὶ
318 2156 397 2245 γάρ,
430 2160 474 2236 ὡς
505 2161 542 2225 τὸ
570 2159 633 2225 νἰπὸ
662 2170 719 2244 τῆς
747 2164 813 2225 ΓΛ
839 2161 922 2245 πρὸς
950 2161 987 2225 τὸ
1015 2161 1079 2226 ιἰπὸ
1107 2170 1167 2246 τῆς

151 2270 185 2328 Α
190 2268 229 2348 Β,
247 2265 353 2344 οὕτως
371 2266 391 2350 ἡ
412 2269 477 2331 ΓΛ
493 2266 576 2353 πρὸς
594 2268 655 2351 τὴν
674 2270 751 2351 ΓΗ,
770 2266 939 2332 τουτέστιν
956 2266 977 2350 ἡ
997 2273 1064 2332 ΔΖ
1082 2269 1167 2353 πρὸς

98 2383 134 2432 20
154 2375 230 2455 ΖΘ,
258 2371 330 2438 ἀλλ’
360 2374 405 2450 ὡς
431 2371 492 2458 μὲν
519 2375 555 2438 τὸ
584 2372 647 2438 ἀπὸ
675 2383 733 2458 τῆς
761 2377 826 2438 ΓΛ
852 2374 934 2461 πρὸς
959 2374 996 2437 τὸ
1021 2373 1084 2439 ἀπὸ
1107 2383 1166 2458 τῆς

152 2482 232 2563 ΑΒ,
260 2479 366 2557 οὕτως
392 2482 429 2546 τὸ
457 2480 522 2546 ὑπὸ
550 2490 617 2545 τῶν
644 2486 725 2563 ΔΖ,
751 2483 816 2544 ΖΓ
837 2480 920 2566 πρὸς
947 2480 985 2544 τὸ
1013 2479 1076 2546 ἀπὸ
1107 2489 1165 2564 τῆς

152 2590 228 2650 ΕΖ·
252 2596 354 2651 ταῦτα
376 2588 439 2672 γαρ
464 2587 610 2671 ἐδείχθη·
638 2587 683 2663 ὡς
706 2583 743 2651 δὲ
764 2586 785 2670 ἡ
808 2591 875 2651 ΛΖ
898 2587 981 2673 πρὸς
1005 2591 1083 2671 ΖΘ,
1107 2587 1162 2652 οὕ-

152 2715 216 2768 τως
238 2693 275 2756 τὸ
298 2693 362 2757 ὑπὸ
386 2697 467 2777 ΛΖ,
488 2697 554 2758 ΖΓ
571 2694 654 2780 πρὸς
677 2694 713 2758 τὸ
736 2693 801 2758 ὑπὸ
824 2697 900 2777 ΘΖ,
921 2695 991 2776 ΖΓ,
1015 2693 1162 2759 τουτέστι

152 2799 189 2863 τὸ
214 2801 276 2863 ΓΘ
298 2798 518 2885 ὀρθογώνιον,
543 2805 616 2864 ίσον
638 2802 702 2887 ἄρα
725 2802 762 2864 τὸ
784 2799 847 2864 ἀπὸ
867 2809 924 2883 τῆς
941 2804 1005 2866 ΕΖ
1024 2809 1070 2887 τῷ
1091 2803 1161 2884 ΓΘ,

224 3041 247 3089 1.
268 3034 309 3104 ιη’
340 3052 396 3104 mg.
411 3052 447 3090 m.
461 3051 515 3090 rec.
530 3036 563 3105 V,
583 3037 612 3090 ολ
631 3034 671 3089 sic
690 3034 828 3105 deinceps.
886 3041 909 3091 7.
929 3034 978 3090 ὑπ’
995 3038 1084 3107 αὐτῆς
1101 3037 1158 3108 τῆς]

152 3104 260 3174 scripsi,
279 3106 319 3160 ὑπ
345 3107 432 3176 αὐτῆς
449 3105 503 3176 Vc,
522 3107 642 3176 ὑπὸτῆς
659 3125 685 3176 p.
743 3113 783 3160 12.
803 3106 945 3178 AB(alt.)]
964 3111 1023 3162 ΑΗ
1039 3125 1061 3163 ο.
1119 3113 1158 3162 15.

152 3174 216 3248 μέν]
235 3194 287 3231 om.
306 3195 333 3247 p.
423 3177 475 3259 τὴν
495 3180 567 3250 ΓΗ]
586 3177 630 3231 bis
648 3195 675 3248 p,
695 3178 745 3232 sed
763 3195 831 3232 corr.
923 3184 963 3232 17.
988 3183 1159 3250 παραλληλο-

151 3286 278 3364 γράμμῳ]
297 3264 550 3416 παραιιηιίρρομλ
569 3309 591 3348 c.
681 3299 722 3348 18.
744 3294 806 3418 Γιη
825 3296 904 3349 ΓΘΑ
922 3312 949 3364 p.
1037 3299 1078 3349 ιι.
1100 3293 1157 3365 ΓΔ]

151 3367 177 3440 p
184 3365 210 3414 Γ
223 3379 251 3430 p.
306 3368 348 3443 λθ.
367 3380 405 3432 πρ
423 3383 437 3425 ς
453 3394 484 3403 -
500 3369 542 3419 22.
559 3365 623 3436 ΖΘ]
642 3382 730 3489 παρη)
750 3365 787 3418 οδ
808 3367 958 3434 ,κείμενον
976 3363 1056 3436 (πρός
1075 3365 1158 3420 etim

151 3448 182 3486 m
200 3433 291 3501 textu,
319 3436 388 3488 1tem
411 3434 449 3496 ὡς
471 3431 502 3488 δὲ
520 3435 538 3504 ἡ
557 3439 611 3489 ΔΖ
634 3452 671 3502 πρ
690 3456 704 3497 ς
724 3437 795 3504 ΖΘ).
868 3441 908 3491 24.
936 3440 990 3492 ΓΘ
1004 3438 1082 3508 (pr.)]
1109 3438 1157 3491 ΖΘ

152 3500 235 3570 ch,
255 3519 323 3559 corr.
344 3504 446 3560 Comm.
520 3505 588 3576 ἄρα]
607 3504 663 3573 ἄρα
683 3503 739 3560 ἐστι’
755 3525 783 3575 p.
