2574 3934
388 163 438 213 Du
459 161 635 213 ancnoris
654 161 832 214 CYLINDRI.
1093 159 1113 223 9

173 307 202 372 8.
235 310 403 390 praeterea
434 305 514 371 haee
544 326 671 390 quoque
698 304 844 369 definitio
872 304 1117 390 praemittenda,

98 413 255 476 similes
280 412 409 497 ellipses
428 434 508 498 esse,
531 435 668 496 quarum
686 411 855 495 utriusque
874 411 1024 477 diametri
1042 433 1116 477 eon·

97 520 237 605 iugatae
251 519 336 583 inter
350 541 384 584 se
399 520 533 584 eandem
547 519 707 583 rationem
719 518 861 582 habeant
873 521 906 581 et
916 518 956 581 ad
966 518 1115 603 aequales

100 626 244 712 angulos
268 624 353 690 inter
376 647 410 691 se
434 630 551 692 secent.

598 786 623 850 I.

175 907 210 973 Si
242 909 323 973 duae
355 914 461 974 rectae
492 910 577 975 inter
605 932 638 975 se
667 913 837 996 tangentes
867 908 990 974 duabus
1019 909 1119 975 rectis

100 1016 192 1079 inter
229 1037 263 1080 se
300 1015 524 1102 tangentibus,
560 1038 696 1100 quarum
733 1020 868 1100 utraque
906 1015 1034 1100 utrique
1067 1020 1116 1080 est

104 1121 267 1206 aequalis,
291 1122 464 1206 parallelae
489 1127 578 1208 sunt,
601 1127 707 1188 rectae
730 1122 891 1216 terminos¹
911 1145 1021 1188 earum
1045 1143 1118 1188 con-

105 1231 283 1316 iungentes
307 1234 339 1293 et
361 1228 451 1314 ipsae
475 1231 626 1314 aequales
651 1234 727 1294 sunt
749 1234 782 1294 et
804 1230 986 1314 parallelae.

178 1943 243 2023 sint
280 1957 360 2020 duae
397 1960 503 2021 rectae
540 1954 625 2018 inter
661 1977 695 2018 se
733 1960 905 2042 tangentes
942 1959 1023 2038 AB,
1057 1957 1124 2019 ΒΓ

110 2062 234 2128 duabus
253 2062 351 2127 rectis
369 2062 455 2125 inter
474 2082 507 2125 se
526 2061 736 2146 tangentibus
756 2066 838 2145 ΔΕ,
856 2066 920 2126 ΕΖ
937 2062 1118 2146 parallelae,

110 2173 145 2234 et
167 2168 210 2233 sit
229 2173 294 2232 AB
309 2199 351 2221 =
366 2171 448 2252 ΛΕ,
469 2169 537 2231 ΒΓ
550 2199 584 2218 --
604 2169 681 2251 ΕΖ,
705 2169 926 2253 ducanturque
945 2170 1024 2252 ΑΓ,
1043 2173 1117 2233 ΔΖ.

110 2275 192 2358 dioc,
214 2280 318 2340 rectas
343 2277 421 2357 ΑΓ,
444 2278 511 2338 ΛΖ
534 2274 685 2357 aequales
709 2280 742 2339 et
764 2275 934 2358 parallelas
959 2296 1038 2340 csse.

177 2382 336 2446 ducantur
355 2383 433 2463 BE,
452 2383 527 2462 ΓΖ,
547 2384 624 2445 ΑΔ.
666 2380 820 2465 quoniam
838 2384 903 2445 AB
927 2384 1033 2444 rectae
1052 2384 1121 2444 ΔΕ

110 2486 253 2572 aequalis
287 2492 337 2552 est
369 2491 402 2551 et
432 2487 601 2572 parallela‚
637 2486 700 2552 erit
732 2486 830 2551 etiam
863 2487 968 2572 [Eucl.
999 2485 1027 2570 I,
1060 2487 1117 2570 33]

111 2597 177 2658 ΒΕ
198 2598 306 2658 rectae
325 2599 395 2658 ΑΔ
419 2593 560 2677 aequalis
582 2598 615 2658 et
633 2593 797 2679 parallela.
833 2597 866 2658 et
885 2593 1038 2678 quoniam
1056 2595 1124 2658 ΒΓ

110 2705 217 2766 rectae
245 2703 309 2765 ΕΖ
337 2699 481 2784 aequalis
508 2705 559 2765 est
586 2705 619 2766 ct
647 2701 818 2787 parallela‚
845 2701 907 2766 erit
934 2700 1033 2766 etiam
1056 2702 1122 2764 ΒΕ

112 2812 218 2872 rectae
243 2810 305 2871 ΓΖ
333 2807 476 2891 aequalis
505 2813 538 2873 et
563 2808 728 2893 parallela.
774 2830 871 2893 quare
896 2807 1000 2892 [Eucl.
1019 2807 1044 2894 I,
1062 2807 1119 2890 30]

113 2919 181 2978 ΑΔ
204 2917 311 2979 rectae
336 2917 397 2978 ΓΖ
421 2915 563 3000 aequalis
589 2919 638 2979 est
662 2918 695 2978 et
716 2914 878 2998 parallela.
920 2936 997 3000 ergo
1021 2915 1120 2979 etiarn

113 3021 216 3105 [Eucl.
239 3019 269 3098 I,
293 3020 350 3103 33]
379 3023 458 3103 ΑΓ,
485 3024 552 3084 ΛΖ
581 3021 730 3104 aequales
759 3025 791 3084 et
817 3019 1004 3105 parallelae3
1034 3019 1120 3102 quod

112 3131 180 3192 erat
203 3126 497 3191 demonstrandum.

593 3267 636 3333 Il.

176 3392 212 3458 Si
241 3393 405 3478 cylindrus
431 3394 529 3478 plano
556 3416 614 3478 per
642 3415 734 3457 axem
758 3396 898 3474 secatur,
927 3389 1027 3456 sectio
1050 3414 1122 3475 par-

112 3500 389 3588 allelogrammum
413 3499 483 3566 erit.
