<?xml version="1.0" encoding="UTF-8"?>
<!DOCTYPE html PUBLIC "-//W3C//DTD XHTML 1.0 Transitional//EN"
    "http://www.w3.org/TR/xhtml1/DTD/xhtml1-transitional.dtd">
<html xmlns="http://www.w3.org/1999/xhtml" xml:lang="en" lang="en">
 <head>
  <title>
</title>
<meta http-equiv="Content-Type" content="text/html;charset=utf-8" />
  <meta name='ocr-system' content='tesseract 3.04.00' />
  <meta name='ocr-capabilities' content='ocr_page ocr_carea ocr_par ocr_line ocrx_word'/>
</head>
<body>
  <div class='ocr_page' id='page_1' title='image "./sereniantinoens00heibgoog_0245.png"; bbox 0 0 2504 3928; ppageno 0'>
   <div class='ocr_carea' id='block_1_1' title="bbox 178 179 876 242">
    <p class='ocr_par' dir='ltr' id='par_1_1' title="bbox 178 169 1241 268">
     <span class='ocr_line' id='line_1_1' title="bbox 178 179 876 242; baseline -0.017 0"><span class='ocrx_word' id='word_1_1' title='bbox 178 179 243 242; x_wconf 74' lang='lat'><strong><em>220</em></strong></span> <span class='ocrx_word' id='word_1_2' title='bbox 487 180 575 231; x_wconf 76' lang='grc' dir='ltr'>ΠΕΡΙ</span> <span class='ocrx_word' id='word_1_3' title='bbox 593 179 721 230; x_wconf 75' lang='grc' dir='ltr'><strong><em>Κωωον</em></strong></span> <span class='ocrx_word' id='word_1_4' title='bbox 740 181 876 232; x_wconf 75' lang='grc' dir='ltr'><strong><em>ΤοιιΗΣ.</em></strong></span> 
     </span>
    </p>
   </div>
   <div class='ocr_carea' id='block_1_2' title="bbox 126 321 1248 2538">
    <p class='ocr_par' dir='ltr' id='par_1_2' title="bbox 177 321 1243 727">
     <span class='ocr_line' id='line_1_2' title="bbox 178 321 1187 410; baseline 0 -24"><span class='ocrx_word' id='word_1_5' title='bbox 178 328 210 386; x_wconf 94' lang='grc' dir='ltr'><em>Α</em></span> <span class='ocrx_word' id='word_1_6' title='bbox 233 321 337 410; x_wconf 78' lang='grc' dir='ltr'><strong><em>ἐντῷ</em></strong></span> <span class='ocrx_word' id='word_1_7' title='bbox 362 321 455 410; x_wconf 76' lang='grc' dir='ltr'><strong><em>ὀρθῷ</em></strong></span> <span class='ocrx_word' id='word_1_8' title='bbox 483 324 565 408; x_wconf 90' lang='grc' dir='ltr'><strong><em>πρὸς</em></strong></span> <span class='ocrx_word' id='word_1_9' title='bbox 587 324 646 387; x_wconf 91' lang='grc' dir='ltr'><strong><em>τὸν</em></strong></span> <span class='ocrx_word' id='word_1_10' title='bbox 669 323 793 387; x_wconf 80' lang='grc' dir='ltr'><strong><em>κύκλον</em></strong></span> <span class='ocrx_word' id='word_1_11' title='bbox 817 323 959 410; x_wconf 76' lang='grc' dir='ltr'><strong><em>ἐπιπέδῳ</em></strong></span> <span class='ocrx_word' id='word_1_12' title='bbox 983 322 1187 408; x_wconf 80' lang='grc' dir='ltr'><strong><em>παράλληλος</em></strong></span> 
     </span>
     <span class='ocr_line' id='line_1_3' title="bbox 177 392 1242 514; baseline -0.001 -21"><span class='ocrx_word' id='word_1_13' title='bbox 177 431 272 512; x_wconf 78' lang='grc' dir='ltr'><strong><em>ἤχθω</em></strong></span> <span class='ocrx_word' id='word_1_14' title='bbox 300 439 339 514; x_wconf 79' lang='grc' dir='ltr'><strong><em>τῇ</em></strong></span> <span class='ocrx_word' id='word_1_15' title='bbox 368 432 428 493; x_wconf 91' lang='grc' dir='ltr'><strong><em>ΓΒ</em></strong></span> <span class='ocrx_word' id='word_1_16' title='bbox 455 427 475 510; x_wconf 91' lang='grc' dir='ltr'><strong><em>ἡ</em></strong></span> <span class='ocrx_word' id='word_1_17' title='bbox 499 433 568 493; x_wconf 95' lang='grc' dir='ltr'><strong><em>ΑΕ</em></strong></span> <span class='ocrx_word' id='word_1_18' title='bbox 593 427 648 492; x_wconf 84' lang='grc' dir='ltr'><strong><em>καὶ</em></strong></span> <span class='ocrx_word' id='word_1_19' title='bbox 675 439 714 514; x_wconf 76' lang='grc' dir='ltr'><strong><em>τῇ</em></strong></span> <span class='ocrx_word' id='word_1_20' title='bbox 741 433 808 494; x_wconf 93' lang='grc' dir='ltr'><strong><em>ΑΒ</em></strong></span> <span class='ocrx_word' id='word_1_21' title='bbox 835 429 1046 514; x_wconf 80' lang='grc' dir='ltr'><strong><em>παράλληλος</em></strong></span> <span class='ocrx_word' id='word_1_22' title='bbox 1069 427 1090 512; x_wconf 92' lang='grc' dir='ltr'><strong><em>ἡ</em></strong></span> <span class='ocrx_word' id='word_1_23' title='bbox 1115 433 1185 511; x_wconf 93' lang='grc' dir='ltr'><strong><em>ΕΖ,</em></strong></span> <span class='ocrx_word' id='word_1_24' title='bbox 1241 392 1242 486; x_wconf 61' lang='grc' dir='ltr'><strong><em>ἡ</em></strong></span> 
     </span>
     <span class='ocr_line' id='line_1_4' title="bbox 177 533 1187 624; baseline 0 -24"><span class='ocrx_word' id='word_1_25' title='bbox 177 535 232 599; x_wconf 81' lang='grc' dir='ltr'><strong><em>καὶ</em></strong></span> <span class='ocrx_word' id='word_1_26' title='bbox 260 535 442 620; x_wconf 81' lang='grc' dir='ltr'><em>ἐπεζεύχθω</em></span> <span class='ocrx_word' id='word_1_27' title='bbox 471 533 490 618; x_wconf 98' lang='grc' dir='ltr'><strong><em>ἡ</em></strong></span> <span class='ocrx_word' id='word_1_28' title='bbox 516 541 598 618; x_wconf 93' lang='grc' dir='ltr'><strong><em>ΖΑ,</em></strong></span> <span class='ocrx_word' id='word_1_29' title='bbox 625 535 661 600; x_wconf 92' lang='grc' dir='ltr'><strong><em>έν</em></strong></span> <span class='ocrx_word' id='word_1_30' title='bbox 688 533 724 599; x_wconf 76' lang='grc' dir='ltr'><strong><em>δέ</em></strong></span> <span class='ocrx_word' id='word_1_31' title='bbox 752 545 798 623; x_wconf 76' lang='grc' dir='ltr'><strong><em>τῷ</em></strong></span> <span class='ocrx_word' id='word_1_32' title='bbox 823 538 933 624; x_wconf 78' lang='grc' dir='ltr'><strong><em>κύκλῳ</em></strong></span> <span class='ocrx_word' id='word_1_33' title='bbox 957 545 996 622; x_wconf 81' lang='grc' dir='ltr'><strong><em>τὴ</em></strong></span> <span class='ocrx_word' id='word_1_34' title='bbox 1021 541 1088 601; x_wconf 90' lang='grc' dir='ltr'><strong><em>ΓΔ</em></strong></span> <span class='ocrx_word' id='word_1_35' title='bbox 1112 538 1187 620; x_wconf 80' lang='grc' dir='ltr'><strong><em>πρὸς</em></strong></span> 
     </span>
     <span class='ocr_line' id='line_1_5' title="bbox 178 614 1243 727; baseline -0.001 -21"><span class='ocrx_word' id='word_1_36' title='bbox 178 642 284 727; x_wconf 81' lang='grc' dir='ltr'><strong><em>ὀρθὰς</em></strong></span> <span class='ocrx_word' id='word_1_37' title='bbox 306 643 465 725; x_wconf 80' lang='grc' dir='ltr'><strong><em>ἡχθωσαν</em></strong></span> <span class='ocrx_word' id='word_1_38' title='bbox 493 643 530 705; x_wconf 87' lang='grc' dir='ltr'><strong><em>αί</em></strong></span> <span class='ocrx_word' id='word_1_39' title='bbox 551 646 632 724; x_wconf 84' lang='grc' dir='ltr'><strong><em>ΒΘ,</em></strong></span> <span class='ocrx_word' id='word_1_40' title='bbox 657 646 738 725; x_wconf 95' lang='grc' dir='ltr'><strong><em>ΖΗ,</em></strong></span> <span class='ocrx_word' id='word_1_41' title='bbox 766 641 821 707; x_wconf 77' lang='grc' dir='ltr'><strong><em>καὶ</em></strong></span> <span class='ocrx_word' id='word_1_42' title='bbox 849 642 1033 726; x_wconf 77' lang='grc' dir='ltr'><strong><em>ἐπεζεύχθω</em></strong></span> <span class='ocrx_word' id='word_1_43' title='bbox 1062 641 1083 724; x_wconf 89' lang='grc' dir='ltr'><strong><em>ἡ</em></strong></span> <span class='ocrx_word' id='word_1_44' title='bbox 1113 646 1187 707; x_wconf 90' lang='grc' dir='ltr'><strong><em>ΒΗ.</em></strong></span> <span class='ocrx_word' id='word_1_45' title='bbox 1242 614 1243 680; x_wconf 45' lang='grc' dir='ltr'><strong><em>ἡ</em></strong></span> 
     </span>
    </p>

    <p class='ocr_par' dir='ltr' id='par_1_3' title="bbox 143 745 1245 1260">
     <span class='ocr_line' id='line_1_6' title="bbox 143 745 1185 833; baseline 0.002 -24"><span class='ocrx_word' id='word_1_46' title='bbox 143 763 159 809; x_wconf 84' lang='lat'>5</span> <span class='ocrx_word' id='word_1_47' title='bbox 179 747 247 812; x_wconf 78' lang='grc' dir='ltr'><strong><em>ἐπεὶ</em></strong></span> <span class='ocrx_word' id='word_1_48' title='bbox 274 746 293 830; x_wconf 94' lang='grc' dir='ltr'><strong><em>ἡ</em></strong></span> <span class='ocrx_word' id='word_1_49' title='bbox 318 749 383 813; x_wconf 87' lang='grc' dir='ltr'><strong><em>ὑπὸ</em></strong></span> <span class='ocrx_word' id='word_1_50' title='bbox 407 752 511 812; x_wconf 87' lang='grc' dir='ltr'><strong><em>ΑΒΔ</em></strong></span> <span class='ocrx_word' id='word_1_51' title='bbox 535 749 596 813; x_wconf 88' lang='grc' dir='ltr'><strong><em>οὐκ</em></strong></span> <span class='ocrx_word' id='word_1_52' title='bbox 619 747 762 812; x_wconf 79' lang='grc' dir='ltr'><strong><em>έλοίττων</em></strong></span> <span class='ocrx_word' id='word_1_53' title='bbox 786 747 875 813; x_wconf 83' lang='grc' dir='ltr'><strong><em>ἐστὶν</em></strong></span> <span class='ocrx_word' id='word_1_54' title='bbox 899 746 1065 833; x_wconf 79' lang='grc' dir='ltr'><strong><em>ἡμισείας,</em></strong></span> <span class='ocrx_word' id='word_1_55' title='bbox 1094 746 1149 812; x_wconf 76' lang='grc' dir='ltr'><strong><em>καὶ</em></strong></span> <span class='ocrx_word' id='word_1_56' title='bbox 1169 745 1185 828; x_wconf 91' lang='grc' dir='ltr'><strong><em>ἡ</em></strong></span> 
     </span>
     <span class='ocr_line' id='line_1_7' title="bbox 176 852 1186 940; baseline -0.001 -22"><span class='ocrx_word' id='word_1_57' title='bbox 176 855 242 919; x_wconf 84' lang='grc' dir='ltr'><strong><em>ὑπὸ</em></strong></span> <span class='ocrx_word' id='word_1_58' title='bbox 263 859 365 919; x_wconf 87' lang='grc' dir='ltr'><strong><em>ΒΑΕ</em></strong></span> <span class='ocrx_word' id='word_1_59' title='bbox 382 857 445 939; x_wconf 78' lang='grc' dir='ltr'><strong><em>ἄρα</em></strong></span> <span class='ocrx_word' id='word_1_60' title='bbox 465 855 525 919; x_wconf 88' lang='grc' dir='ltr'><strong><em>οὐκ</em></strong></span> <span class='ocrx_word' id='word_1_61' title='bbox 544 853 688 919; x_wconf 78' lang='grc' dir='ltr'><strong><em>ἐλάττων</em></strong></span> <span class='ocrx_word' id='word_1_62' title='bbox 707 853 798 920; x_wconf 77' lang='grc' dir='ltr'><strong><em>ἐστὶν</em></strong></span> <span class='ocrx_word' id='word_1_63' title='bbox 815 852 978 940; x_wconf 82' lang='grc' dir='ltr'><strong><em>ἡμισείας·</em></strong></span> <span class='ocrx_word' id='word_1_64' title='bbox 1002 853 1022 938; x_wconf 94' lang='grc' dir='ltr'><strong><em>ἡ</em></strong></span> <span class='ocrx_word' id='word_1_65' title='bbox 1043 857 1110 940; x_wconf 80' lang='grc' dir='ltr'><strong><em>ὀίρα</em></strong></span> <span class='ocrx_word' id='word_1_66' title='bbox 1128 854 1186 918; x_wconf 88' lang='grc' dir='ltr'><strong><em>ὑπὸ</em></strong></span> 
     </span>
     <span class='ocr_line' id='line_1_8' title="bbox 177 958 1188 1047; baseline -0.003 -21"><span class='ocrx_word' id='word_1_67' title='bbox 177 966 293 1045; x_wconf 91' lang='grc' dir='ltr'><em>ΕΒΑ,</em></span> <span class='ocrx_word' id='word_1_68' title='bbox 321 961 490 1026; x_wconf 81' lang='grc' dir='ltr'><strong><em>τουτέστιν</em></strong></span> <span class='ocrx_word' id='word_1_69' title='bbox 517 959 537 1042; x_wconf 92' lang='grc' dir='ltr'><strong><em>ἡ</em></strong></span> <span class='ocrx_word' id='word_1_70' title='bbox 566 961 631 1026; x_wconf 87' lang='grc' dir='ltr'><strong><em>ὑπὸ</em></strong></span> <span class='ocrx_word' id='word_1_71' title='bbox 656 965 768 1045; x_wconf 85' lang='grc' dir='ltr'><em>ΖΕΒ,</em></span> <span class='ocrx_word' id='word_1_72' title='bbox 795 963 836 1026; x_wconf 88' lang='grc' dir='ltr'><strong><em>οὐ</em></strong></span> <span class='ocrx_word' id='word_1_73' title='bbox 861 965 981 1047; x_wconf 75' lang='grc' dir='ltr'><strong><em>μείζων</em></strong></span> <span class='ocrx_word' id='word_1_74' title='bbox 1004 960 1098 1026; x_wconf 82' lang='grc' dir='ltr'><strong><em>ἐστὶν</em></strong></span> <span class='ocrx_word' id='word_1_75' title='bbox 1119 958 1188 1045; x_wconf 91' lang='grc' dir='ltr'><strong><em>ἡμι-</em></strong></span> 
     </span>
     <span class='ocr_line' id='line_1_9' title="bbox 178 1060 1245 1152; baseline -0.004 -20"><span class='ocrx_word' id='word_1_76' title='bbox 178 1073 279 1144; x_wconf 87' lang='grc' dir='ltr'><strong><em>σείας·</em></strong></span> <span class='ocrx_word' id='word_1_77' title='bbox 303 1066 324 1150; x_wconf 92' lang='grc' dir='ltr'><strong><em>ἡ</em></strong></span> <span class='ocrx_word' id='word_1_78' title='bbox 348 1070 411 1152; x_wconf 85' lang='grc' dir='ltr'><strong><em>ὀίρα</em></strong></span> <span class='ocrx_word' id='word_1_79' title='bbox 434 1067 498 1133; x_wconf 88' lang='grc' dir='ltr'><strong><em>ὑπὸ</em></strong></span> <span class='ocrx_word' id='word_1_80' title='bbox 519 1072 615 1132; x_wconf 93' lang='grc' dir='ltr'><strong><em>ΖΕΒ</em></strong></span> <span class='ocrx_word' id='word_1_81' title='bbox 640 1068 679 1133; x_wconf 90' lang='grc' dir='ltr'><strong><em>οὐ</em></strong></span> <span class='ocrx_word' id='word_1_82' title='bbox 703 1071 822 1151; x_wconf 81' lang='grc' dir='ltr'><strong><em>μείζων</em></strong></span> <span class='ocrx_word' id='word_1_83' title='bbox 840 1067 909 1132; x_wconf 74' lang='grc' dir='ltr'><strong><em>ἐστὶ</em></strong></span> <span class='ocrx_word' id='word_1_84' title='bbox 927 1078 985 1152; x_wconf 79' lang='grc' dir='ltr'><strong><em>τῆς</em></strong></span> <span class='ocrx_word' id='word_1_85' title='bbox 1003 1070 1071 1134; x_wconf 88' lang='grc' dir='ltr'><strong><em>ὑπὸ</em></strong></span> <span class='ocrx_word' id='word_1_86' title='bbox 1092 1072 1186 1133; x_wconf 89' lang='grc' dir='ltr'><em>ΕΑΒ.</em></span> <span class='ocrx_word' id='word_1_87' title='bbox 1244 1060 1245 1128; x_wconf 63' lang='grc' dir='ltr'><strong><em>ἡ</em></strong></span> 
     </span>
     <span class='ocr_line' id='line_1_10' title="bbox 179 1171 1188 1260; baseline -0.001 -21"><span class='ocrx_word' id='word_1_88' title='bbox 179 1173 247 1239; x_wconf 81' lang='grc' dir='ltr'><strong><em>ἐπεὶ</em></strong></span> <span class='ocrx_word' id='word_1_89' title='bbox 266 1171 328 1239; x_wconf 82' lang='grc' dir='ltr'><strong><em>οὖν</em></strong></span> <span class='ocrx_word' id='word_1_90' title='bbox 347 1175 408 1238; x_wconf 83' lang='grc' dir='ltr'><strong><em>ὀύο</em></strong></span> <span class='ocrx_word' id='word_1_91' title='bbox 428 1177 572 1259; x_wconf 86' lang='grc' dir='ltr'><strong><em>τρίγωνα</em></strong></span> <span class='ocrx_word' id='word_1_92' title='bbox 590 1175 630 1238; x_wconf 82' lang='grc' dir='ltr'><strong><em>τὰ</em></strong></span> <span class='ocrx_word' id='word_1_93' title='bbox 650 1179 761 1258; x_wconf 92' lang='grc' dir='ltr'><em>ΖΕΒ,</em></span> <span class='ocrx_word' id='word_1_94' title='bbox 782 1179 880 1240; x_wconf 92' lang='grc' dir='ltr'><strong><em>ΖΑΒ</em></strong></span> <span class='ocrx_word' id='word_1_95' title='bbox 900 1173 953 1239; x_wconf 77' lang='grc' dir='ltr'><strong><em>ἐπὶ</em></strong></span> <span class='ocrx_word' id='word_1_96' title='bbox 971 1185 1050 1260; x_wconf 86' lang='grc' dir='ltr'><strong><em>μιᾶς</em></strong></span> <span class='ocrx_word' id='word_1_97' title='bbox 1068 1175 1188 1258; x_wconf 79' lang='grc' dir='ltr'><strong><em>βάσεως</em></strong></span> 
     </span>
    </p>

    <p class='ocr_par' dir='ltr' id='par_1_4' title="bbox 128 1278 1248 1810">
     <span class='ocr_line' id='line_1_11' title="bbox 128 1278 1246 1365; baseline 0.007 -23"><span class='ocrx_word' id='word_1_98' title='bbox 128 1295 160 1342; x_wconf 92' lang='lat'><strong><em>10</em></strong></span> <span class='ocrx_word' id='word_1_99' title='bbox 180 1279 371 1362; x_wconf 80' lang='grc' dir='ltr'><strong><em>συνέστηκε,</em></strong></span> <span class='ocrx_word' id='word_1_100' title='bbox 402 1278 457 1344; x_wconf 86' lang='grc' dir='ltr'><strong><em>καὶ</em></strong></span> <span class='ocrx_word' id='word_1_101' title='bbox 486 1279 505 1363; x_wconf 92' lang='grc' dir='ltr'><strong><em>ἡ</em></strong></span> <span class='ocrx_word' id='word_1_102' title='bbox 537 1280 600 1345; x_wconf 82' lang='grc' dir='ltr'><strong><em>ἀπὸ</em></strong></span> <span class='ocrx_word' id='word_1_103' title='bbox 631 1289 690 1344; x_wconf 87' lang='grc' dir='ltr'><strong><em>τοῦ</em></strong></span> <span class='ocrx_word' id='word_1_104' title='bbox 720 1285 752 1343; x_wconf 94' lang='grc' dir='ltr'><em>Α</em></span> <span class='ocrx_word' id='word_1_105' title='bbox 781 1281 921 1357; x_wconf 83' lang='grc' dir='ltr'><strong><em>κάθετος</em></strong></span> <span class='ocrx_word' id='word_1_106' title='bbox 953 1280 1006 1346; x_wconf 78' lang='grc' dir='ltr'><strong><em>ἐπὶ</em></strong></span> <span class='ocrx_word' id='word_1_107' title='bbox 1037 1283 1100 1365; x_wconf 89' lang='grc' dir='ltr'><strong><em>τὴν</em></strong></span> <span class='ocrx_word' id='word_1_108' title='bbox 1130 1284 1188 1345; x_wconf 92' lang='grc' dir='ltr'><strong><em>ΓΔ</em></strong></span> <span class='ocrx_word' id='word_1_109' title='bbox 1245 1282 1246 1350; x_wconf 65' lang='grc' dir='ltr'><strong><em>ὀ</em></strong></span> 
     </span>
     <span class='ocr_line' id='line_1_12' title="bbox 179 1383 1186 1472; baseline 0 -22"><span class='ocrx_word' id='word_1_110' title='bbox 179 1385 333 1469; x_wconf 83' lang='grc' dir='ltr'><strong><em>ἀγομένη,</em></strong></span> <span class='ocrx_word' id='word_1_111' title='bbox 357 1386 402 1461; x_wconf 85' lang='grc' dir='ltr'><strong><em>ὡς</em></strong></span> <span class='ocrx_word' id='word_1_112' title='bbox 423 1385 444 1468; x_wconf 92' lang='grc' dir='ltr'><strong><em>ἡ</em></strong></span> <span class='ocrx_word' id='word_1_113' title='bbox 463 1391 546 1470; x_wconf 89' lang='grc' dir='ltr'><strong><em>ΑΚ,</em></strong></span> <span class='ocrx_word' id='word_1_114' title='bbox 570 1388 631 1451; x_wconf 84' lang='grc' dir='ltr'><strong><em>ούκ</em></strong></span> <span class='ocrx_word' id='word_1_115' title='bbox 655 1385 745 1451; x_wconf 83' lang='grc' dir='ltr'><strong><em>ἐστιν</em></strong></span> <span class='ocrx_word' id='word_1_116' title='bbox 767 1387 911 1452; x_wconf 77' lang='grc' dir='ltr'><strong><em>ἐλάττων</em></strong></span> <span class='ocrx_word' id='word_1_117' title='bbox 934 1397 991 1471; x_wconf 78' lang='grc' dir='ltr'><strong><em>τῆς</em></strong></span> <span class='ocrx_word' id='word_1_118' title='bbox 1012 1394 1090 1472; x_wconf 88' lang='grc' dir='ltr'><strong><em>ΕΒ,</em></strong></span> <span class='ocrx_word' id='word_1_119' title='bbox 1113 1387 1132 1470; x_wconf 89' lang='grc' dir='ltr'><strong><em>ἡ</em></strong></span> <span class='ocrx_word' id='word_1_120' title='bbox 1154 1383 1186 1450; x_wconf 71' lang='grc' dir='ltr'><strong><em>ὀί</em></strong></span> 
     </span>
     <span class='ocr_line' id='line_1_13' title="bbox 178 1492 1188 1578; baseline 0.001 -21"><span class='ocrx_word' id='word_1_121' title='bbox 178 1493 243 1557; x_wconf 86' lang='grc' dir='ltr'><strong><em>ὑπὸ</em></strong></span> <span class='ocrx_word' id='word_1_122' title='bbox 268 1497 363 1558; x_wconf 92' lang='grc' dir='ltr'><strong><em>ΖΕΒ</em></strong></span> <span class='ocrx_word' id='word_1_123' title='bbox 388 1502 447 1557; x_wconf 88' lang='grc' dir='ltr'><strong><em>τοῦ</em></strong></span> <span class='ocrx_word' id='word_1_124' title='bbox 472 1492 683 1578; x_wconf 80' lang='grc' dir='ltr'><strong><em>ὀρθογωνίου</em></strong></span> <span class='ocrx_word' id='word_1_125' title='bbox 711 1497 816 1575; x_wconf 94' lang='grc' dir='ltr'><strong><em>γωνία</em></strong></span> <span class='ocrx_word' id='word_1_126' title='bbox 840 1494 878 1558; x_wconf 90' lang='grc' dir='ltr'><strong><em>οὐ</em></strong></span> <span class='ocrx_word' id='word_1_127' title='bbox 902 1497 1022 1577; x_wconf 79' lang='grc' dir='ltr'><strong><em>μείζων</em></strong></span> <span class='ocrx_word' id='word_1_128' title='bbox 1046 1494 1117 1560; x_wconf 82' lang='grc' dir='ltr'><strong><em>ἐστὶ</em></strong></span> <span class='ocrx_word' id='word_1_129' title='bbox 1138 1504 1188 1576; x_wconf 85' lang='grc' dir='ltr'><strong><em>τὴς</em></strong></span> 
     </span>
     <span class='ocr_line' id='line_1_14' title="bbox 178 1597 1187 1684; baseline -0.002 -20"><span class='ocrx_word' id='word_1_130' title='bbox 178 1600 243 1664; x_wconf 86' lang='grc' dir='ltr'><strong><em>ὑπὸ</em></strong></span> <span class='ocrx_word' id='word_1_131' title='bbox 267 1605 382 1682; x_wconf 89' lang='grc' dir='ltr'><em>ΕΑΒ,</em></span> <span class='ocrx_word' id='word_1_132' title='bbox 409 1597 430 1681; x_wconf 87' lang='grc' dir='ltr'><strong><em>ἡ</em></strong></span> <span class='ocrx_word' id='word_1_133' title='bbox 456 1601 520 1684; x_wconf 78' lang='grc' dir='ltr'><strong><em>ἄρα</em></strong></span> <span class='ocrx_word' id='word_1_134' title='bbox 545 1604 609 1663; x_wconf 90' lang='grc' dir='ltr'><strong><em>ΖΕ</em></strong></span> <span class='ocrx_word' id='word_1_135' title='bbox 629 1601 712 1683; x_wconf 89' lang='grc' dir='ltr'><strong><em>πρὸς</em></strong></span> <span class='ocrx_word' id='word_1_136' title='bbox 734 1603 798 1663; x_wconf 90' lang='grc' dir='ltr'><strong><em>ΕΒ</em></strong></span> <span class='ocrx_word' id='word_1_137' title='bbox 822 1599 979 1665; x_wconf 80' lang='grc' dir='ltr'><strong><em>ἐλάττονα</em></strong></span> <span class='ocrx_word' id='word_1_138' title='bbox 1004 1604 1109 1684; x_wconf 78' lang='grc' dir='ltr'><strong><em>λόγον</em></strong></span> <span class='ocrx_word' id='word_1_139' title='bbox 1130 1605 1187 1684; x_wconf 82' lang='grc' dir='ltr'><strong><em>ἔχει</em></strong></span> 
     </span>
     <span class='ocr_line' id='line_1_15' title="bbox 178 1705 1248 1810; baseline -0.002 -38"><span class='ocrx_word' id='word_1_140' title='bbox 178 1710 260 1792; x_wconf 85' lang='grc' dir='ltr'><strong><em>ἡπερ</em></strong></span> <span class='ocrx_word' id='word_1_141' title='bbox 284 1707 304 1790; x_wconf 92' lang='grc' dir='ltr'><strong><em>ἡ</em></strong></span> <span class='ocrx_word' id='word_1_142' title='bbox 325 1712 389 1771; x_wconf 94' lang='grc' dir='ltr'><strong><em>ΖΑ</em></strong></span> <span class='ocrx_word' id='word_1_143' title='bbox 412 1707 494 1791; x_wconf 89' lang='grc' dir='ltr'><strong><em>πρὸς</em></strong></span> <span class='ocrx_word' id='word_1_144' title='bbox 512 1710 578 1770; x_wconf 93' lang='grc' dir='ltr'><strong><em>ΑΒ</em></strong></span> <span class='ocrx_word' id='word_1_145' title='bbox 602 1705 658 1770; x_wconf 76' lang='grc' dir='ltr'><strong><em>διὰ</em></strong></span> <span class='ocrx_word' id='word_1_146' title='bbox 681 1707 718 1770; x_wconf 92' lang='grc' dir='ltr'><strong><em>τὸ</em></strong></span> <span class='ocrx_word' id='word_1_147' title='bbox 742 1708 938 1793; x_wconf 89' lang='grc' dir='ltr'><strong><em>τριακοστὸν</em></strong></span> <span class='ocrx_word' id='word_1_148' title='bbox 961 1708 1087 1789; x_wconf 80' lang='grc' dir='ltr'><strong><em>ὀγόοον</em></strong></span> <span class='ocrx_word' id='word_1_149' title='bbox 1109 1708 1186 1772; x_wconf 85' lang='grc' dir='ltr'><strong><em>θεώ·</em></strong></span> <span class='ocrx_word' id='word_1_150' title='bbox 1247 1726 1248 1810; x_wconf 65' lang='grc' dir='ltr'><strong><em>ἡ</em></strong></span> 
     </span>
    </p>

    <p class='ocr_par' dir='ltr' id='par_1_5' title="bbox 126 1810 1187 2323">
     <span class='ocr_line' id='line_1_16' title="bbox 126 1810 1186 1899; baseline 0.003 -25"><span class='ocrx_word' id='word_1_151' title='bbox 126 1828 159 1874; x_wconf 84' lang='lat'><strong><em>15</em></strong></span> <span class='ocrx_word' id='word_1_152' title='bbox 180 1839 275 1899; x_wconf 82' lang='grc' dir='ltr'><strong><em>ρὴμα.</em></strong></span> <span class='ocrx_word' id='word_1_153' title='bbox 321 1814 365 1889; x_wconf 85' lang='grc' dir='ltr'><strong><em>ὡς</em></strong></span> <span class='ocrx_word' id='word_1_154' title='bbox 393 1810 429 1877; x_wconf 77' lang='grc' dir='ltr'><strong><em>δὲ</em></strong></span> <span class='ocrx_word' id='word_1_155' title='bbox 457 1811 477 1895; x_wconf 91' lang='grc' dir='ltr'><strong><em>ἡ</em></strong></span> <span class='ocrx_word' id='word_1_156' title='bbox 507 1817 571 1877; x_wconf 90' lang='grc' dir='ltr'><strong><em>ΖΕ</em></strong></span> <span class='ocrx_word' id='word_1_157' title='bbox 595 1814 678 1897; x_wconf 90' lang='grc' dir='ltr'><strong><em>πρὸς</em></strong></span> <span class='ocrx_word' id='word_1_158' title='bbox 705 1818 783 1896; x_wconf 95' lang='grc' dir='ltr'><em>ΕΒ,</em></span> <span class='ocrx_word' id='word_1_159' title='bbox 810 1814 916 1891; x_wconf 79' lang='grc' dir='ltr'><strong><em>οὕτως</em></strong></span> <span class='ocrx_word' id='word_1_160' title='bbox 941 1813 960 1898; x_wconf 93' lang='grc' dir='ltr'><strong><em>ἡ</em></strong></span> <span class='ocrx_word' id='word_1_161' title='bbox 985 1819 1072 1898; x_wconf 91' lang='grc' dir='ltr'><strong><em>ΒΗ,</em></strong></span> <span class='ocrx_word' id='word_1_162' title='bbox 1101 1837 1186 1879; x_wconf 91' lang='grc' dir='ltr'><strong><em>τουτ-</em></strong></span> 
     </span>
     <span class='ocr_line' id='line_1_17' title="bbox 179 1919 1187 2006; baseline -0.001 -22"><span class='ocrx_word' id='word_1_163' title='bbox 179 1921 268 1985; x_wconf 87' lang='grc' dir='ltr'><strong><em>έστιν</em></strong></span> <span class='ocrx_word' id='word_1_164' title='bbox 291 1919 311 2002; x_wconf 92' lang='grc' dir='ltr'><strong><em>ἡ</em></strong></span> <span class='ocrx_word' id='word_1_165' title='bbox 332 1925 410 2002; x_wconf 82' lang='grc' dir='ltr'><strong><em>ΒΘ,</em></strong></span> <span class='ocrx_word' id='word_1_166' title='bbox 433 1921 515 2005; x_wconf 89' lang='grc' dir='ltr'><strong><em>πρὸς</em></strong></span> <span class='ocrx_word' id='word_1_167' title='bbox 536 1923 614 1983; x_wconf 89' lang='grc' dir='ltr'><strong><em>ΖΗ·</em></strong></span> <span class='ocrx_word' id='word_1_168' title='bbox 639 1925 693 2002; x_wconf 83' lang='grc' dir='ltr'><strong><em>ίσὴ</em></strong></span> <span class='ocrx_word' id='word_1_169' title='bbox 717 1921 780 2005; x_wconf 84' lang='grc' dir='ltr'><strong><em>γὰρ</em></strong></span> <span class='ocrx_word' id='word_1_170' title='bbox 803 1919 858 1984; x_wconf 77' lang='grc' dir='ltr'><strong><em>καὶ</em></strong></span> <span class='ocrx_word' id='word_1_171' title='bbox 880 1919 901 2002; x_wconf 92' lang='grc' dir='ltr'><strong><em>ἡ</em></strong></span> <span class='ocrx_word' id='word_1_172' title='bbox 924 1925 987 1985; x_wconf 88' lang='grc' dir='ltr'><em>ΕΖ</em></span> <span class='ocrx_word' id='word_1_173' title='bbox 1011 1930 1052 2006; x_wconf 82' lang='grc' dir='ltr'><strong><em>τὴ</em></strong></span> <span class='ocrx_word' id='word_1_174' title='bbox 1076 1922 1113 1986; x_wconf 87' lang='grc' dir='ltr'><strong><em>έκ</em></strong></span> <span class='ocrx_word' id='word_1_175' title='bbox 1135 1929 1187 1984; x_wconf 84' lang='grc' dir='ltr'><strong><em>τοῦ</em></strong></span> 
     </span>
     <span class='ocr_line' id='line_1_18' title="bbox 178 2024 1186 2111; baseline 0 -21"><span class='ocrx_word' id='word_1_176' title='bbox 178 2026 330 2111; x_wconf 84' lang='grc' dir='ltr'><strong><em>κέντρου·</em></strong></span> <span class='ocrx_word' id='word_1_177' title='bbox 362 2024 417 2090; x_wconf 77' lang='grc' dir='ltr'><strong><em>καὶ</em></strong></span> <span class='ocrx_word' id='word_1_178' title='bbox 449 2025 469 2108; x_wconf 92' lang='grc' dir='ltr'><strong><em>ἡ</em></strong></span> <span class='ocrx_word' id='word_1_179' title='bbox 502 2029 531 2090; x_wconf 95' lang='grc' dir='ltr'><em>Β</em></span> <span class='ocrx_word' id='word_1_180' title='bbox 539 2030 567 2090; x_wconf 83' lang='grc' dir='ltr'>Θ</span> <span class='ocrx_word' id='word_1_181' title='bbox 594 2028 658 2111; x_wconf 83' lang='grc' dir='ltr'><strong><em>ὀίρα</em></strong></span> <span class='ocrx_word' id='word_1_182' title='bbox 689 2028 772 2111; x_wconf 86' lang='grc' dir='ltr'><strong><em>πρὸς</em></strong></span> <span class='ocrx_word' id='word_1_183' title='bbox 803 2031 877 2091; x_wconf 92' lang='grc' dir='ltr'><strong><em>ΖΗ</em></strong></span> <span class='ocrx_word' id='word_1_184' title='bbox 901 2027 1060 2092; x_wconf 78' lang='grc' dir='ltr'><strong><em>ἐλάττονα</em></strong></span> <span class='ocrx_word' id='word_1_185' title='bbox 1094 2031 1186 2110; x_wconf 79' lang='grc' dir='ltr'><strong><em>λόγον</em></strong></span> 
     </span>
     <span class='ocr_line' id='line_1_19' title="bbox 179 2132 1187 2219; baseline -0.002 -20"><span class='ocrx_word' id='word_1_186' title='bbox 179 2137 244 2218; x_wconf 81' lang='grc' dir='ltr'><strong><em>ἔχει</em></strong></span> <span class='ocrx_word' id='word_1_187' title='bbox 276 2135 357 2217; x_wconf 90' lang='grc' dir='ltr'><strong><em>ἡπερ</em></strong></span> <span class='ocrx_word' id='word_1_188' title='bbox 388 2132 408 2214; x_wconf 91' lang='grc' dir='ltr'><strong><em>ἡ</em></strong></span> <span class='ocrx_word' id='word_1_189' title='bbox 440 2138 505 2197; x_wconf 93' lang='grc' dir='ltr'><strong><em>ΖΑ</em></strong></span> <span class='ocrx_word' id='word_1_190' title='bbox 531 2134 614 2219; x_wconf 90' lang='grc' dir='ltr'><strong><em>πρὸς</em></strong></span> <span class='ocrx_word' id='word_1_191' title='bbox 641 2138 716 2198; x_wconf 92' lang='grc' dir='ltr'><strong><em>ΑΒ.</em></strong></span> <span class='ocrx_word' id='word_1_192' title='bbox 766 2135 803 2198; x_wconf 89' lang='grc' dir='ltr'><strong><em>τὸ</em></strong></span> <span class='ocrx_word' id='word_1_193' title='bbox 832 2136 897 2218; x_wconf 86' lang='grc' dir='ltr'><strong><em>ὀίρα</em></strong></span> <span class='ocrx_word' id='word_1_194' title='bbox 924 2134 988 2199; x_wconf 86' lang='grc' dir='ltr'><strong><em>ὑπὸ</em></strong></span> <span class='ocrx_word' id='word_1_195' title='bbox 1016 2140 1101 2218; x_wconf 90' lang='grc' dir='ltr'><strong><em>ΑΒ,</em></strong></span> <span class='ocrx_word' id='word_1_196' title='bbox 1129 2137 1187 2198; x_wconf 79' lang='grc' dir='ltr'><strong><em>ΒΘ</em></strong></span> 
     </span>
     <span class='ocr_line' id='line_1_20' title="bbox 179 2240 1185 2323; baseline -0.003 -17"><span class='ocrx_word' id='word_1_197' title='bbox 179 2243 314 2306; x_wconf 78' lang='grc' dir='ltr'><strong><em>ἔλαττόν</em></strong></span> <span class='ocrx_word' id='word_1_198' title='bbox 338 2240 404 2305; x_wconf 91' lang='grc' dir='ltr'><strong><em>έστι</em></strong></span> <span class='ocrx_word' id='word_1_199' title='bbox 430 2248 490 2303; x_wconf 89' lang='grc' dir='ltr'><strong><em>τοῦ</em></strong></span> <span class='ocrx_word' id='word_1_200' title='bbox 512 2241 577 2305; x_wconf 84' lang='grc' dir='ltr'><strong><em>ὑπὸ</em></strong></span> <span class='ocrx_word' id='word_1_201' title='bbox 601 2246 681 2322; x_wconf 90' lang='grc' dir='ltr'><strong><em>ΑΖ,</em></strong></span> <span class='ocrx_word' id='word_1_202' title='bbox 705 2245 787 2323; x_wconf 91' lang='grc' dir='ltr'><strong><em>ΖΗ,</em></strong></span> <span class='ocrx_word' id='word_1_203' title='bbox 815 2240 963 2305; x_wconf 92' lang='grc' dir='ltr'><strong><em>τουτέστι</em></strong></span> <span class='ocrx_word' id='word_1_204' title='bbox 990 2241 1028 2306; x_wconf 92' lang='grc' dir='ltr'><strong><em>τὸ</em></strong></span> <span class='ocrx_word' id='word_1_205' title='bbox 1054 2243 1111 2306; x_wconf 77' lang='grc' dir='ltr'><strong><em>διὰ</em></strong></span> <span class='ocrx_word' id='word_1_206' title='bbox 1133 2248 1185 2304; x_wconf 84' lang='grc' dir='ltr'><strong><em>τοῦ</em></strong></span> 
     </span>
    </p>

    <p class='ocr_par' dir='ltr' id='par_1_6' title="bbox 126 2343 1185 2538">
     <span class='ocr_line' id='line_1_21' title="bbox 126 2343 1185 2431; baseline 0 -23"><span class='ocrx_word' id='word_1_207' title='bbox 126 2360 160 2408; x_wconf 77' lang='lat'><strong><em>20</em></strong></span> <span class='ocrx_word' id='word_1_208' title='bbox 179 2347 297 2426; x_wconf 82' lang='grc' dir='ltr'><strong><em>ὀίξονος</em></strong></span> <span class='ocrx_word' id='word_1_209' title='bbox 320 2343 484 2422; x_wconf 73' lang='grc' dir='ltr'><strong><em>ἰσοσκελές</em></strong></span> <span class='ocrx_word' id='word_1_210' title='bbox 506 2356 565 2411; x_wconf 87' lang='grc' dir='ltr'><strong><em>τοῦ</em></strong></span> <span class='ocrx_word' id='word_1_211' title='bbox 587 2347 643 2411; x_wconf 76' lang='grc' dir='ltr'><strong><em>διὰ</em></strong></span> <span class='ocrx_word' id='word_1_212' title='bbox 661 2356 718 2431; x_wconf 80' lang='grc' dir='ltr'><strong><em>τῆς</em></strong></span> <span class='ocrx_word' id='word_1_213' title='bbox 736 2353 768 2410; x_wconf 92' lang='grc' dir='ltr'><em>Α</em></span> <span class='ocrx_word' id='word_1_214' title='bbox 774 2352 801 2411; x_wconf 94' lang='grc' dir='ltr'><em>Ζ</em></span> <span class='ocrx_word' id='word_1_215' title='bbox 821 2349 1023 2424; x_wconf 81' lang='grc' dir='ltr'><strong><em>ίσοσκελοῦς·</em></strong></span> <span class='ocrx_word' id='word_1_216' title='bbox 1049 2349 1111 2413; x_wconf 88' lang='grc' dir='ltr'><strong><em>οὐκ</em></strong></span> <span class='ocrx_word' id='word_1_217' title='bbox 1129 2349 1185 2430; x_wconf 85' lang='grc' dir='ltr'><strong><em>ὀίρα</em></strong></span> 
     </span>
     <span class='ocr_line' id='line_1_22' title="bbox 180 2451 1185 2538; baseline -0.003 -19"><span class='ocrx_word' id='word_1_218' title='bbox 180 2457 217 2521; x_wconf 91' lang='grc' dir='ltr'><strong><em>τὸ</em></strong></span> <span class='ocrx_word' id='word_1_219' title='bbox 234 2456 290 2519; x_wconf 78' lang='grc' dir='ltr'><strong><em>διὰ</em></strong></span> <span class='ocrx_word' id='word_1_220' title='bbox 309 2464 368 2519; x_wconf 86' lang='grc' dir='ltr'><strong><em>τοῦ</em></strong></span> <span class='ocrx_word' id='word_1_221' title='bbox 388 2453 504 2532; x_wconf 86' lang='grc' dir='ltr'><strong><em>ὀίξονος</em></strong></span> <span class='ocrx_word' id='word_1_222' title='bbox 524 2451 688 2531; x_wconf 79' lang='grc' dir='ltr'><strong><em>ἰσοσκελές</em></strong></span> <span class='ocrx_word' id='word_1_223' title='bbox 705 2453 860 2538; x_wconf 89' lang='grc' dir='ltr'><strong><em>μέγιστόν</em></strong></span> <span class='ocrx_word' id='word_1_224' title='bbox 879 2453 946 2518; x_wconf 89' lang='grc' dir='ltr'><strong><em>ε’στι</em></strong></span> <span class='ocrx_word' id='word_1_225' title='bbox 965 2455 1102 2520; x_wconf 80' lang='grc' dir='ltr'><strong><em>πάντων</em></strong></span> <span class='ocrx_word' id='word_1_226' title='bbox 1116 2465 1185 2533; x_wconf 84' lang='grc' dir='ltr'><strong><em>τῶν,</em></strong></span> 
     </span>
    </p>
   </div>
   <div class='ocr_carea' id='block_1_3' title="bbox 179 2679 1184 3608">
    <p class='ocr_par' dir='ltr' id='par_1_7' title="bbox 252 2679 1184 2752">
     <span class='ocr_line' id='line_1_23' title="bbox 252 2679 1184 2752; baseline -0.003 -18"><span class='ocrx_word' id='word_1_227' title='bbox 252 2689 275 2736; x_wconf 82' lang='lat'><strong><em>2.</em></strong></span> <span class='ocrx_word' id='word_1_228' title='bbox 297 2687 346 2735; x_wconf 89' lang='grc' dir='ltr'><strong><em>ΓΒ</em></strong></span> <span class='ocrx_word' id='word_1_229' title='bbox 379 2686 477 2749; x_wconf 83' lang='lat' dir='ltr'>ABp.</span> <span class='ocrx_word' id='word_1_230' title='bbox 532 2681 618 2750; x_wconf 88' lang='grc' dir='ltr'><em>ἡΑΕ</em></span> <span class='ocrx_word' id='word_1_231' title='bbox 631 2679 696 2752; x_wconf 87' lang='grc' dir='ltr'><strong><em>καί]</em></strong></span> <span class='ocrx_word' id='word_1_232' title='bbox 716 2681 846 2751; x_wconf 77' lang='grc' dir='ltr'><strong><em>εομρΙοιιί</em></strong></span> <span class='ocrx_word' id='word_1_233' title='bbox 860 2699 923 2736; x_wconf 79' lang='lat' dir='ltr'><strong><em>eum</em></strong></span> <span class='ocrx_word' id='word_1_234' title='bbox 938 2681 1051 2751; x_wconf 86' lang='lat' dir='ltr'>Comm.‚</span> <span class='ocrx_word' id='word_1_235' title='bbox 1072 2701 1124 2737; x_wconf 91' lang='lat' dir='ltr'><strong><em>om.</em></strong></span> <span class='ocrx_word' id='word_1_236' title='bbox 1137 2681 1184 2745; x_wconf 90' lang='lat' dir='ltr'><strong><em>Vc,</em></strong></span> 
     </span>
    </p>

    <p class='ocr_par' dir='ltr' id='par_1_8' title="bbox 179 2684 1183 3608">
     <span class='ocr_line' id='line_1_24' title="bbox 180 2684 1183 2823; baseline 0.001 -18"><span class='ocrx_word' id='word_1_237' title='bbox 180 2752 197 2820; x_wconf 93' lang='grc' dir='ltr'><strong><em>ἡ</em></strong></span> <span class='ocrx_word' id='word_1_238' title='bbox 213 2756 265 2805; x_wconf 89' lang='grc' dir='ltr'><strong><em>ΑΕ</em></strong></span> <span class='ocrx_word' id='word_1_239' title='bbox 279 2753 328 2806; x_wconf 78' lang='grc' dir='ltr'><strong><em>καὶ</em></strong></span> <span class='ocrx_word' id='word_1_240' title='bbox 342 2684 398 2806; x_wconf 69' lang='grc' dir='ltr'><strong><em>ὀπό</em></strong></span> <span class='ocrx_word' id='word_1_241' title='bbox 413 2759 461 2806; x_wconf 83' lang='grc' dir='ltr'><strong><em>τοῦ</em></strong></span> <span class='ocrx_word' id='word_1_242' title='bbox 477 2756 498 2804; x_wconf 93' lang='grc' dir='ltr'><em>Β</em></span> <span class='ocrx_word' id='word_1_243' title='bbox 513 2751 582 2819; x_wconf 86' lang='grc' dir='ltr'><strong><em>πρὸς</em></strong></span> <span class='ocrx_word' id='word_1_244' title='bbox 597 2751 687 2820; x_wconf 81' lang='grc' dir='ltr'><strong><em>ὀρθὰς</em></strong></span> <span class='ocrx_word' id='word_1_245' title='bbox 701 2751 820 2823; x_wconf 80' lang='grc' dir='ltr'><strong><em>ὀνήχθω</em></strong></span> <span class='ocrx_word' id='word_1_246' title='bbox 836 2753 853 2823; x_wconf 90' lang='grc' dir='ltr'><strong><em>ἡ</em></strong></span> <span class='ocrx_word' id='word_1_247' title='bbox 869 2757 921 2807; x_wconf 93' lang='grc' dir='ltr'><strong><em>ΒΕ</em></strong></span> <span class='ocrx_word' id='word_1_248' title='bbox 935 2754 983 2808; x_wconf 85' lang='grc' dir='ltr'><strong><em>καὶ</em></strong></span> <span class='ocrx_word' id='word_1_249' title='bbox 997 2752 1046 2807; x_wconf 76' lang='grc' dir='ltr'><strong><em>διὰ</em></strong></span> <span class='ocrx_word' id='word_1_250' title='bbox 1061 2762 1111 2808; x_wconf 83' lang='grc' dir='ltr'><strong><em>τοῦ</em></strong></span> <span class='ocrx_word' id='word_1_251' title='bbox 1125 2755 1148 2806; x_wconf 88' lang='grc' dir='ltr'><em>Ε</em></span> <span class='ocrx_word' id='word_1_252' title='bbox 1160 2769 1183 2819; x_wconf 77' lang='grc' dir='ltr'><strong><em>ρ,</em></strong></span> 
     </span>
     <span class='ocr_line' id='line_1_25' title="bbox 179 2820 1182 2893; baseline -0.003 -17"><span class='ocrx_word' id='word_1_253' title='bbox 179 2823 197 2892; x_wconf 90' lang='grc' dir='ltr'><strong><em>ἡ</em></strong></span> <span class='ocrx_word' id='word_1_254' title='bbox 221 2827 274 2876; x_wconf 90' lang='grc' dir='ltr'><strong><em>ΑΕ</em></strong></span> <span class='ocrx_word' id='word_1_255' title='bbox 297 2823 346 2877; x_wconf 77' lang='grc' dir='ltr'><strong><em>καὶ</em></strong></span> <span class='ocrx_word' id='word_1_256' title='bbox 368 2821 437 2890; x_wconf 86' lang='grc' dir='ltr'><strong><em>πρὸς</em></strong></span> <span class='ocrx_word' id='word_1_257' title='bbox 460 2820 550 2890; x_wconf 79' lang='grc' dir='ltr'><strong><em>ὀρθὰς</em></strong></span> <span class='ocrx_word' id='word_1_258' title='bbox 573 2823 590 2891; x_wconf 91' lang='grc' dir='ltr'><strong><em>ἡ</em></strong></span> <span class='ocrx_word' id='word_1_259' title='bbox 615 2827 668 2877; x_wconf 92' lang='grc' dir='ltr'><strong><em>ΒΕ</em></strong></span> <span class='ocrx_word' id='word_1_260' title='bbox 690 2823 806 2892; x_wconf 79' lang='lat' dir='ltr'>Halley3</span> <span class='ocrx_word' id='word_1_261' title='bbox 835 2827 864 2878; x_wconf 79' lang='lat' dir='ltr'><strong><em>et</em></strong></span> <span class='ocrx_word' id='word_1_262' title='bbox 885 2824 949 2878; x_wconf 77' lang='lat' dir='ltr'>fort.</span> <span class='ocrx_word' id='word_1_263' title='bbox 972 2824 1056 2893; x_wconf 78' lang='lat' dir='ltr'><strong>plura</strong></span> <span class='ocrx_word' id='word_1_264' title='bbox 1082 2825 1182 2879; x_wconf 82' lang='lat' dir='ltr'><strong>desunt.</strong></span> 
     </span>
     <span class='ocr_line' id='line_1_26' title="bbox 214 2891 1182 2966; baseline -0.002 -18"><span class='ocrx_word' id='word_1_265' title='bbox 214 2895 260 2966; x_wconf 80' lang='grc' dir='ltr'><strong><em>τῇ]</em></strong></span> <span class='ocrx_word' id='word_1_266' title='bbox 274 2903 307 2966; x_wconf 76' lang='grc' dir='ltr'><strong><em>τῇ</em></strong></span> <span class='ocrx_word' id='word_1_267' title='bbox 324 2891 355 2948; x_wconf 82' lang='grc' dir='ltr'><strong><em>δέ</em></strong></span> <span class='ocrx_word' id='word_1_268' title='bbox 369 2893 479 2962; x_wconf 79' lang='lat' dir='ltr'>Halley.</span> <span class='ocrx_word' id='word_1_269' title='bbox 534 2892 720 2966; x_wconf 78' lang='grc' dir='ltr'><strong><em>παράλληλος]</em></strong></span> <span class='ocrx_word' id='word_1_270' title='bbox 734 2894 909 2965; x_wconf 77' lang='grc' dir='ltr'><strong><em>παράλληλος</em></strong></span> <span class='ocrx_word' id='word_1_271' title='bbox 923 2895 1003 2966; x_wconf 81' lang='grc' dir='ltr'><strong><em>ἤχθω</em></strong></span> <span class='ocrx_word' id='word_1_272' title='bbox 1018 2914 1045 2965; x_wconf 88' lang='lat' dir='ltr'><strong><em>p.</em></strong></span> <span class='ocrx_word' id='word_1_273' title='bbox 1096 2892 1182 2965; x_wconf 85' lang='grc' dir='ltr'><em>ἡΕΖ]</em></span> 
     </span>
     <span class='ocr_line' id='line_1_27' title="bbox 180 2965 1181 3056; baseline -0.003 -37"><span class='ocrx_word' id='word_1_274' title='bbox 180 2983 194 3019; x_wconf 86' lang='lat' dir='ltr'>e</span> <span class='ocrx_word' id='word_1_275' title='bbox 214 2983 281 3020; x_wconf 87' lang='lat' dir='ltr'>corr.</span> <span class='ocrx_word' id='word_1_276' title='bbox 301 2984 328 3036; x_wconf 91' lang='lat' dir='ltr'><strong><em>p.</em></strong></span> <span class='ocrx_word' id='word_1_277' title='bbox 389 2971 413 3020; x_wconf 89' lang='lat'><strong><em>3.</em></strong></span> <span class='ocrx_word' id='word_1_278' title='bbox 436 2965 495 3036; x_wconf 87' lang='lat' dir='ltr'><strong><em>ZA]</em></strong></span> <span class='ocrx_word' id='word_1_279' title='bbox 513 2984 540 3034; x_wconf 77' lang='lat' dir='ltr'><strong><em>p,</em></strong></span> <span class='ocrx_word' id='word_1_280' title='bbox 563 2969 614 3020; x_wconf 91' lang='grc' dir='ltr'><strong><em>ΖΔ</em></strong></span> <span class='ocrx_word' id='word_1_281' title='bbox 633 2966 686 3020; x_wconf 85' lang='lat' dir='ltr'><strong><em>Vc.</em></strong></span> <span class='ocrx_word' id='word_1_282' title='bbox 748 2973 772 3020; x_wconf 85' lang='lat'><strong><em>4.</em></strong></span> <span class='ocrx_word' id='word_1_283' title='bbox 793 2965 951 3037; x_wconf 79' lang='grc' dir='ltr'><strong><em>ἐπεζεύχθω</em></strong></span> <span class='ocrx_word' id='word_1_284' title='bbox 970 2967 987 3036; x_wconf 82' lang='grc' dir='ltr'><strong><em>ἡ</em></strong></span> <span class='ocrx_word' id='word_1_285' title='bbox 1004 2968 1079 3056; x_wconf 64' lang='lat' dir='ltr'><strong><em>BH]</em></strong></span> <span class='ocrx_word' id='word_1_286' title='bbox 1095 2984 1145 3020; x_wconf 90' lang='lat' dir='ltr'><strong><em>om.</em></strong></span> <span class='ocrx_word' id='word_1_287' title='bbox 1159 2981 1181 3032; x_wconf 85' lang='lat' dir='ltr'><strong><em>p.</em></strong></span> 
     </span>
     <span class='ocr_line' id='line_1_28' title="bbox 216 3032 1183 3109; baseline -0.004 -18"><span class='ocrx_word' id='word_1_288' title='bbox 216 3043 240 3093; x_wconf 81' lang='grc' dir='ltr'><strong><em>ὀ,</em></strong></span> <span class='ocrx_word' id='word_1_289' title='bbox 261 3039 312 3092; x_wconf 84' lang='grc' dir='ltr'><strong><em>οόκ</em></strong></span> <span class='ocrx_word' id='word_1_290' title='bbox 331 3036 462 3108; x_wconf 76' lang='grc' dir='ltr'><strong><em>ἐλάττων]</em></strong></span> <span class='ocrx_word' id='word_1_291' title='bbox 481 3053 556 3106; x_wconf 77' lang='lat' dir='ltr'>vop,</span> <span class='ocrx_word' id='word_1_292' title='bbox 582 3038 632 3091; x_wconf 79' lang='grc' dir='ltr'><strong><em>οὐκ</em></strong></span> <span class='ocrx_word' id='word_1_293' title='bbox 653 3036 679 3090; x_wconf 80' lang='grc' dir='ltr'><strong><em>έ-</em></strong></span> <span class='ocrx_word' id='word_1_294' title='bbox 698 3053 777 3092; x_wconf 81' lang='lat' dir='ltr'>euan.</span> <span class='ocrx_word' id='word_1_295' title='bbox 798 3038 831 3093; x_wconf 91' lang='lat' dir='ltr'><strong><em>V.</em></strong></span> <span class='ocrx_word' id='word_1_296' title='bbox 908 3035 1046 3109; x_wconf 78' lang='grc' dir='ltr'><strong><em>ἡμισείας]</em></strong></span> <span class='ocrx_word' id='word_1_297' title='bbox 1066 3032 1183 3108; x_wconf 79' lang='grc' dir='ltr'><strong><em>ἡμισείας</em></strong></span> 
     </span>
     <span class='ocr_line' id='line_1_29' title="bbox 180 3103 1180 3179; baseline 0 -17"><span class='ocrx_word' id='word_1_298' title='bbox 180 3109 270 3179; x_wconf 79' lang='grc' dir='ltr'><strong><em>ὀρθῆς</em></strong></span> <span class='ocrx_word' id='word_1_299' title='bbox 287 3128 315 3178; x_wconf 87' lang='lat' dir='ltr'><strong><em>p.</em></strong></span> <span class='ocrx_word' id='word_1_300' title='bbox 370 3109 418 3163; x_wconf 78' lang='grc' dir='ltr'><strong><em>καὶ</em></strong></span> <span class='ocrx_word' id='word_1_301' title='bbox 432 3106 449 3177; x_wconf 90' lang='grc' dir='ltr'><strong><em>ἡ</em></strong></span> <span class='ocrx_word' id='word_1_302' title='bbox 465 3108 519 3162; x_wconf 84' lang='grc' dir='ltr'><strong><em>ὑπὸ</em></strong></span> <span class='ocrx_word' id='word_1_303' title='bbox 535 3112 614 3161; x_wconf 87' lang='grc' dir='ltr'><strong><em>ΒΑΕ</em></strong></span> <span class='ocrx_word' id='word_1_304' title='bbox 633 3108 700 3179; x_wconf 72' lang='grc' dir='ltr'><strong><em>ἄρα]</em></strong></span> <span class='ocrx_word' id='word_1_305' title='bbox 719 3125 790 3178; x_wconf 75' lang='lat' dir='ltr'><strong><em>ch,</em></strong></span> <span class='ocrx_word' id='word_1_306' title='bbox 810 3109 859 3163; x_wconf 78' lang='grc' dir='ltr'><strong><em>καὶ</em></strong></span> <span class='ocrx_word' id='word_1_307' title='bbox 872 3107 889 3178; x_wconf 88' lang='grc' dir='ltr'><strong><em>ἡ</em></strong></span> <span class='ocrx_word' id='word_1_308' title='bbox 904 3110 935 3163; x_wconf 82' lang='grc' dir='ltr'><strong><em>ὀ·</em></strong></span> <span class='ocrx_word' id='word_1_309' title='bbox 950 3112 979 3162; x_wconf 70' lang='grc' dir='ltr'><strong><em>σο</em></strong></span> <span class='ocrx_word' id='word_1_310' title='bbox 992 3129 1043 3177; x_wconf 85' lang='grc' dir='ltr'><strong><em>-ροι</em></strong></span> <span class='ocrx_word' id='word_1_311' title='bbox 1062 3125 1139 3163; x_wconf 79' lang='lat' dir='ltr'>enan.</span> <span class='ocrx_word' id='word_1_312' title='bbox 1153 3103 1180 3156; x_wconf 87' lang='lat' dir='ltr'><strong><em>V·</em></strong></span> 
     </span>
     <span class='ocr_line' id='line_1_30' title="bbox 216 3175 1180 3250; baseline -0.006 -16"><span class='ocrx_word' id='word_1_313' title='bbox 216 3187 238 3235; x_wconf 80' lang='lat'><strong><em>7.</em></strong></span> <span class='ocrx_word' id='word_1_314' title='bbox 259 3178 276 3250; x_wconf 90' lang='grc' dir='ltr'><strong><em>ἡ</em></strong></span> <span class='ocrx_word' id='word_1_315' title='bbox 299 3178 401 3250; x_wconf 85' lang='grc' dir='ltr'><strong><em>ισείας]</em></strong></span> <span class='ocrx_word' id='word_1_316' title='bbox 420 3176 547 3248; x_wconf 87' lang='grc' dir='ltr'><strong><em>ἡμισείας</em></strong></span> <span class='ocrx_word' id='word_1_317' title='bbox 565 3179 655 3248; x_wconf 84' lang='grc' dir='ltr'><strong><em>ὀρθῆς</em></strong></span> <span class='ocrx_word' id='word_1_318' title='bbox 673 3197 699 3248; x_wconf 94' lang='lat' dir='ltr'><strong><em>p.</em></strong></span> <span class='ocrx_word' id='word_1_319' title='bbox 791 3186 815 3233; x_wconf 89' lang='grc'><strong><em>8.</em></strong></span> <span class='ocrx_word' id='word_1_320' title='bbox 835 3181 904 3234; x_wconf 77' lang='lat' dir='ltr'>Post</span> <span class='ocrx_word' id='word_1_321' title='bbox 922 3178 1020 3248; x_wconf 79' lang='grc' dir='ltr'><strong><em>μείζων</em></strong></span> <span class='ocrx_word' id='word_1_322' title='bbox 1039 3197 1096 3250; x_wconf 80' lang='lat' dir='ltr'>rep·</span> <span class='ocrx_word' id='word_1_323' title='bbox 1116 3175 1180 3232; x_wconf 73' lang='grc' dir='ltr'><strong><em>ἐστὶν</em></strong></span> 
     </span>
     <span class='ocr_line' id='line_1_31' title="bbox 180 3201 1181 3320; baseline -0.004 -16"><span class='ocrx_word' id='word_1_324' title='bbox 180 3252 212 3305; x_wconf 85' lang='grc' dir='ltr'><strong><em>οό</em></strong></span> <span class='ocrx_word' id='word_1_325' title='bbox 237 3201 335 3320; x_wconf 65' lang='grc' dir='ltr'><strong><em>μείὲων</em></strong></span> <span class='ocrx_word' id='word_1_326' title='bbox 359 3250 432 3305; x_wconf 74' lang='grc' dir='ltr'><strong><em>ἐστὶν</em></strong></span> <span class='ocrx_word' id='word_1_327' title='bbox 456 3248 582 3319; x_wconf 86' lang='grc' dir='ltr'><strong><em>ἡμισείας</em></strong></span> <span class='ocrx_word' id='word_1_328' title='bbox 605 3248 622 3319; x_wconf 95' lang='grc' dir='ltr'><strong><em>ἡ</em></strong></span> <span class='ocrx_word' id='word_1_329' title='bbox 642 3249 699 3318; x_wconf 79' lang='grc' dir='ltr'><strong><em>ύρα</em></strong></span> <span class='ocrx_word' id='word_1_330' title='bbox 721 3251 775 3306; x_wconf 75' lang='grc' dir='ltr'><strong><em>ὑπὸ</em></strong></span> <span class='ocrx_word' id='word_1_331' title='bbox 798 3255 875 3305; x_wconf 92' lang='grc' dir='ltr'><strong><em>ΖΕΒ</em></strong></span> <span class='ocrx_word' id='word_1_332' title='bbox 900 3253 933 3305; x_wconf 87' lang='grc' dir='ltr'><strong><em>οό</em></strong></span> <span class='ocrx_word' id='word_1_333' title='bbox 952 3249 1051 3319; x_wconf 80' lang='grc' dir='ltr'><strong><em>μείζων</em></strong></span> <span class='ocrx_word' id='word_1_334' title='bbox 1074 3251 1106 3319; x_wconf 85' lang='lat' dir='ltr'><strong><em>V,</em></strong></span> <span class='ocrx_word' id='word_1_335' title='bbox 1134 3244 1181 3300; x_wconf 86' lang='lat' dir='ltr'>del.</span> 
     </span>
     <span class='ocr_line' id='line_1_32' title="bbox 180 3317 1180 3392; baseline -0.002 -17"><span class='ocrx_word' id='word_1_336' title='bbox 180 3325 213 3376; x_wconf 82' lang='grc' dir='ltr'><strong><em>οὐ</em></strong></span> <span class='ocrx_word' id='word_1_337' title='bbox 237 3320 335 3391; x_wconf 77' lang='grc' dir='ltr'><strong><em>μείζων</em></strong></span> <span class='ocrx_word' id='word_1_338' title='bbox 359 3321 432 3375; x_wconf 76' lang='grc' dir='ltr'><strong><em>ἐστὶν</em></strong></span> <span class='ocrx_word' id='word_1_339' title='bbox 454 3318 594 3390; x_wconf 83' lang='grc' dir='ltr'><strong><em>ἡμισείας;</em></strong></span> <span class='ocrx_word' id='word_1_340' title='bbox 623 3319 696 3376; x_wconf 76' lang='grc' dir='ltr'><strong><em>ἐστὶν</em></strong></span> <span class='ocrx_word' id='word_1_341' title='bbox 715 3319 842 3390; x_wconf 83' lang='grc' dir='ltr'><strong><em>ἡμισείας</em></strong></span> <span class='ocrx_word' id='word_1_342' title='bbox 865 3320 882 3392; x_wconf 89' lang='grc' dir='ltr'><strong><em>ἡ</em></strong></span> <span class='ocrx_word' id='word_1_343' title='bbox 903 3322 958 3391; x_wconf 79' lang='grc' dir='ltr'><strong><em>ἄρα</em></strong></span> <span class='ocrx_word' id='word_1_344' title='bbox 977 3322 1032 3377; x_wconf 78' lang='grc' dir='ltr'><strong><em>ύπό</em></strong></span> <span class='ocrx_word' id='word_1_345' title='bbox 1055 3324 1130 3376; x_wconf 91' lang='grc' dir='ltr'><strong><em>ΖΕΒ</em></strong></span> <span class='ocrx_word' id='word_1_346' title='bbox 1152 3317 1180 3370; x_wconf 79' lang='grc' dir='ltr'><strong><em>οό</em></strong></span> 
     </span>
     <span class='ocr_line' id='line_1_33' title="bbox 179 3390 1180 3516; baseline -0.003 -70"><span class='ocrx_word' id='word_1_347' title='bbox 179 3390 277 3460; x_wconf 79' lang='grc' dir='ltr'><strong><em>μείζων</em></strong></span> <span class='ocrx_word' id='word_1_348' title='bbox 296 3411 352 3461; x_wconf 81' lang='lat' dir='ltr'>rep.</span> <span class='ocrx_word' id='word_1_349' title='bbox 372 3411 397 3447; x_wconf 85' lang='lat' dir='ltr'><strong><em>v.</em></strong></span> <span class='ocrx_word' id='word_1_350' title='bbox 489 3393 584 3516; x_wconf 61' lang='grc' dir='ltr'><em>ΕΑΒὴ</em></span> <span class='ocrx_word' id='word_1_351' title='bbox 605 3396 685 3445; x_wconf 86' lang='grc' dir='ltr'><strong><em>ΒΑΕ</em></strong></span> <span class='ocrx_word' id='word_1_352' title='bbox 702 3411 728 3462; x_wconf 86' lang='lat' dir='ltr'><strong><em>p.</em></strong></span> <span class='ocrx_word' id='word_1_353' title='bbox 820 3399 844 3449; x_wconf 83' lang='lat'><strong><em>9.</em></strong></span> <span class='ocrx_word' id='word_1_354' title='bbox 872 3395 965 3465; x_wconf 87' lang='lat' dir='ltr'>ZEB]</span> <span class='ocrx_word' id='word_1_355' title='bbox 984 3410 1059 3463; x_wconf 81' lang='lat' dir='ltr'>vop,</span> <span class='ocrx_word' id='word_1_356' title='bbox 1087 3405 1180 3446; x_wconf 81' lang='lat' dir='ltr'>ecorr.</span> 
     </span>
     <span class='ocr_line' id='line_1_34' title="bbox 179 3460 1180 3536; baseline 0.002 -22"><span class='ocrx_word' id='word_1_357' title='bbox 179 3480 214 3516; x_wconf 92' lang='lat' dir='ltr'><strong><em>m.</em></strong></span> <span class='ocrx_word' id='word_1_358' title='bbox 236 3469 250 3516; x_wconf 95' lang='lat'><strong>1</strong></span> <span class='ocrx_word' id='word_1_359' title='bbox 270 3465 302 3518; x_wconf 92' lang='lat' dir='ltr'><strong><em>V.</em></strong></span> <span class='ocrx_word' id='word_1_360' title='bbox 368 3469 409 3518; x_wconf 81' lang='lat'><strong><em>12.</em></strong></span> <span class='ocrx_word' id='word_1_361' title='bbox 431 3460 503 3534; x_wconf 81' lang='grc' dir='ltr'><strong><em>ἐστί]</em></strong></span> <span class='ocrx_word' id='word_1_362' title='bbox 523 3462 597 3516; x_wconf 86' lang='grc' dir='ltr'><strong><em>έστν</em></strong></span> <span class='ocrx_word' id='word_1_363' title='bbox 613 3480 639 3531; x_wconf 85' lang='grc' dir='ltr'><strong><em>ο,</em></strong></span> <span class='ocrx_word' id='word_1_364' title='bbox 660 3463 709 3517; x_wconf 82' lang='lat' dir='ltr'><strong><em>sed</em></strong></span> <span class='ocrx_word' id='word_1_365' title='bbox 724 3481 793 3519; x_wconf 87' lang='lat' dir='ltr'>corr.</span> <span class='ocrx_word' id='word_1_366' title='bbox 862 3471 904 3520; x_wconf 81' lang='lat'><strong><em>14.</em></strong></span> <span class='ocrx_word' id='word_1_367' title='bbox 930 3463 1044 3536; x_wconf 72' lang='grc' dir='ltr'><strong><em>ὄγδοον]</em></strong></span> <span class='ocrx_word' id='word_1_368' title='bbox 1064 3463 1141 3519; x_wconf 74' lang='grc' dir='ltr'><strong><em>ἕκτον</em></strong></span> <span class='ocrx_word' id='word_1_369' title='bbox 1157 3477 1180 3528; x_wconf 86' lang='lat' dir='ltr'><strong><em>p,</em></strong></span> 
     </span>
     <span class='ocr_line' id='line_1_35' title="bbox 180 3530 1180 3608; baseline 0.004 -24"><span class='ocrx_word' id='word_1_370' title='bbox 180 3530 311 3600; x_wconf 84' lang='grc' dir='ltr'><strong><em>τέταρτον</em></strong></span> <span class='ocrx_word' id='word_1_371' title='bbox 327 3533 439 3600; x_wconf 80' lang='lat' dir='ltr'>Halley.</span> <span class='ocrx_word' id='word_1_372' title='bbox 505 3539 546 3586; x_wconf 82' lang='lat'><strong><em>16.</em></strong></span> <span class='ocrx_word' id='word_1_373' title='bbox 566 3535 630 3604; x_wconf 91' lang='grc' dir='ltr'><strong><em>καί]</em></strong></span> <span class='ocrx_word' id='word_1_374' title='bbox 650 3551 702 3589; x_wconf 87' lang='lat' dir='ltr'><strong><em>om.</em></strong></span> <span class='ocrx_word' id='word_1_375' title='bbox 722 3554 754 3604; x_wconf 83' lang='lat' dir='ltr'><strong><em>p,</em></strong></span> <span class='ocrx_word' id='word_1_376' title='bbox 774 3533 790 3591; x_wconf 74' lang='grc' dir='ltr'><strong><em>ἡ</em></strong></span> <span class='ocrx_word' id='word_1_377' title='bbox 812 3540 865 3589; x_wconf 92' lang='grc' dir='ltr'><strong><em>ΒΕ</em></strong></span> <span class='ocrx_word' id='word_1_378' title='bbox 882 3545 916 3608; x_wconf 77' lang='grc' dir='ltr'><strong><em>τῇ</em></strong></span> <span class='ocrx_word' id='word_1_379' title='bbox 938 3540 994 3590; x_wconf 88' lang='grc' dir='ltr'><strong><em>ΖΗ</em></strong></span> <span class='ocrx_word' id='word_1_380' title='bbox 1010 3533 1059 3590; x_wconf 85' lang='grc' dir='ltr'><strong><em>καί</em></strong></span> <span class='ocrx_word' id='word_1_381' title='bbox 1080 3531 1180 3598; x_wconf 76' lang='lat' dir='ltr'>Halley·</span> 
     </span>
    </p>
   </div>
   <div class='ocr_carea' id='block_1_4' title="bbox 0 0 1256 3928">
    <p class='ocr_par' dir='ltr' id='par_1_9' title="bbox 0 0 1256 3928">
     <span class='ocr_line' id='line_1_36' title="bbox 0 0 1256 3928; baseline 0 0"><span class='ocrx_word' id='word_1_382' title='bbox 0 0 1256 3928; x_wconf 95' lang='lat' dir='ltr'><strong><em> </em></strong></span> 
     </span>
    </p>
   </div>
  </div>
 </body>
</html>
