2504 3928
166 174 229 238 154
477 177 564 227 Imm
581 175 710 228 τριτον
727 177 864 228 τοιοτε.

164 320 289 406 κύκλῳ,
313 321 394 384 έστω
417 320 500 405 πρὸς
522 319 629 405 ὀρθὰς
652 320 740 407 αὐτῷ
764 320 785 403 η
809 325 841 384 Α
848 324 889 384 Θ·
916 318 935 402 ἡ
960 325 990 384 Α
998 323 1028 384 Θ
1052 321 1116 405 ἄρα
1138 318 1170 383 έν

164 445 209 523 τῷ
229 444 288 500 τοῦ
302 441 335 500 A
341 438 402 500 ΓΔ
421 433 510 500 ἐστιν
529 433 671 523 ἐπιπέδῳ
690 433 745 500 καὶ
763 419 908 500 πεσεῖται
928 433 981 500 ἐπὶ
998 436 1063 519 τὴν
1078 438 1173 500 ΓΒΔ
1237 431 1247 489 '1

166 549 393 635 ἐκβληθεῖσαν.
435 549 503 616 ἐπεὶ
527 547 589 617 οὖν
612 554 731 636 μείζων
753 550 773 633 ἡ
798 554 862 615 ΓΘ
884 559 942 635 τῆς
963 555 1035 634 ΘΔ,
1058 549 1115 615 καὶ
1137 551 1170 614 τὸ
1233 506 1239 603 Ι

166 666 229 732 ἀπὸ
249 670 313 732 ΓΘ
336 669 399 753 ίίρα
422 675 482 731 τοῦ
506 666 569 732 ἀπὸ
591 671 652 731 ΘΔ
674 670 793 752 μεῖζον.
830 667 946 732 κοινὸν
963 670 1173 752 προσκείσθω
1235 689 1241 767 χ

130 783 203 847 διὸ
226 782 290 847 ἀπὸ
316 788 389 847 ΘΑ·
416 783 457 847 τδι
479 782 543 869 ἄρα
565 782 630 848 ἀπὸ
654 786 732 866 ΓΘ,
754 787 814 847 ΘΑ
837 793 904 847 τῶν
928 781 991 847 ἀπὸ
1015 787 1098 866 ΔΘ,
1119 786 1175 846 ΘΑ

161 898 296 982 ’μείζονά
323 897 405 982 ἐστι,
438 897 587 963 τουτέστι
619 899 656 963 τὸ
688 895 752 963 ιἰπὸ
782 901 843 963 FA
873 898 984 981 μεῖζόν
1012 897 1087 963 έστι
1119 906 1174 962 τοῦ

165 1012 229 1078 ἀπὸ
252 1019 330 1078 ΑΔ.
376 1017 493 1098 μείζων
516 1016 580 1101 ἄρα
602 1014 623 1097 ἡ
647 1017 717 1081 AF
734 1023 793 1097 τῆς
814 1021 894 1080 ΑΛ.

233 1127 317 1211 λέγω
343 1131 394 1213 δή,
418 1129 468 1194 ὅτι
487 1130 507 1213 ἡ
526 1133 596 1194 AF
613 1128 668 1194 καὶ
686 1141 802 1195 πασῶν
821 1130 932 1208 ἁπλῶς
950 1136 1091 1217 μεγίστη
1111 1126 1175 1194 ἐστὶ

167 1253 234 1308 τῶν
257 1235 320 1309 ἀπὸ
343 1253 400 1329 τῆς
418 1256 568 1331 κορυφῆς
591 1244 644 1310 ἐπὶ
662 1247 723 1329 τὴν
740 1245 954 1335 περιφέρειαν
971 1257 1031 1331 τῆς
1050 1247 1174 1331 βάσεως
1246 1323 1247 1328 ¹

113 1371 149 1420 10
168 1357 338 1444 ἀγομένων
361 1361 513 1445 εὐθειῶν,
536 1362 557 1445 ἡ
581 1359 617 1426 δὲ
640 1368 710 1427 ΑΔ
733 1361 894 1447 ἐλαχίστη.
922 1351 924 1356 ’
1239 1417 1240 1443 ,

230 1476 389 1560 ἤχθωσαν
412 1477 475 1562 γδιρ
499 1478 537 1541 αί
559 1482 635 1561 ΘΕ,
661 1482 737 1560 ΘΖ,
763 1482 840 1543 ΘΗ
888 1476 957 1543 ἐπεὶ
980 1473 1045 1544 οὖν
1069 1477 1090 1560 ἡ
1116 1478 1175 1542 ΓΘ
1236 1499 1241 1541 ι

165 1595 299 1677 μεγίστη
328 1591 395 1658 ἐστὶ
422 1604 538 1658 πασῶν
570 1603 637 1658 τῶν
670 1592 734 1658 ἀπὸ
760 1601 820 1658 τοῦ
851 1598 880 1658 Θ
911 1591 965 1658 ἐπὶ
996 1595 1061 1678 την
1088 1614 1172 1678 περι·
1239 1667 1240 1676 ¹

166 1708 302 1795 φέρειαν
324 1719 618 1797 προσπιπτουσῶν,
640 1707 695 1774 καὶ
718 1710 755 1773 τὸ
779 1708 843 1774 ίιπὸ
866 1718 925 1793 τῆς
949 1711 1016 1773 ΘΓ
1035 1711 1102 1795 ἄρα
1124 1703 1173 1789 μέ-

166 1829 281 1907 γιστόν
313 1825 382 1890 ἐστι
413 1836 481 1890 τῶν
511 1824 573 1889 ἀπὸ
604 1829 680 1909 ΘΕ,
710 1829 787 1909 ΘΖ,
817 1829 899 1909 ΘΗ,
930 1829 1005 1889 ΘΛ.
1062 1823 1171 1890 κοινὸν
1238 1859 1239 1863 =

112 1952 148 2000 15
166 1944 376 2027 προσκείσθω
405 1942 442 2006 τὸ
471 1940 534 2005 ἀπὸ
565 1945 638 2004 ΘΑ·
671 1941 708 2005 τὸ
736 1941 800 2026 θρα
828 1939 891 2005 ἀπὸ
920 1938 1171 2025 συναμφοτέρου

166 2065 224 2139 τῆς
239 2059 339 2120 ΓΘΑ
357 2059 466 2141 μεῖζόν
486 2057 576 2122 ἐστιν
594 2053 732 2121 ἑκοίστου
752 2068 818 2121 τῶν
838 2055 901 2121 ιἰπὸ
921 2053 1171 2141 συναμφοτέρου

166 2181 224 2257 τῆς
246 2177 359 2255 ΕΘΛ,
378 2177 489 2255 ΖΘΑ,
507 2176 624 2255 ΗΘΛ,
643 2176 763 2255 ΔΘΑ,
791 2170 939 2237 τουτέστι
961 2173 998 2237 τὸ
1023 2172 1087 2237 ἀπὸ
1111 2167 1174 2234 ΑΓ

168 2286 306 2354 ἑκάστου
330 2298 397 2352 τῶν
420 2287 484 2353 ἀπὸ
503 2293 579 2371 ΑΕ,
598 2293 630 2352 A
636 2292 674 2370 Z,
693 2291 774 2372 ΑΗ,
793 2293 871 2353 ΑΔ.
907 2285 960 2352 καὶ
983 2287 1003 2370 η
1023 2294 1056 2352 Α
1063 2291 1095 2353 Γ
1112 2287 1170 2368 ἄρα

167 2408 284 2489 μείζων
302 2402 392 2470 ἐστὶν
411 2401 547 2488 ἑκάστης
564 2415 631 2469 τῶν
650 2408 726 2486 ΑΕ,
745 2410 778 2469 A
785 2408 821 2487 Z,
839 2407 922 2487 ΑΗ,
940 2408 1019 2468 ΑΛ.
1055 2403 1169 2487 ὁμοίως

114 2531 148 2581 20
168 2522 349 2605 δείκνυται,
382 2521 432 2586 ὅτι
463 2518 518 2585 καὶ
550 2530 618 2584 τῶν
648 2521 770 2584 ἄλλων·
807 2522 941 2603 μεγίστη
969 2520 1034 2604 ἄρα
1061 2517 1082 2601 ἡ
1110 2514 1174 2580 AF
1246 2561 1247 2570 ι

167 2646 282 2700 πασῶν
301 2648 378 2718 τῶν,
397 2635 442 2712 ὡς
460 2642 597 2721 εἴρηται,
616 2633 787 2718 ἀγομένων
801 2634 944 2699 εὐθειῶν
958 2633 995 2698 ἐν
1009 2644 1055 2723 τῷ
1068 2635 1167 2718 κώνῳ.
1239 2664 1243 2673 ·

168 2751 224 2815 διὰ
237 2761 305 2815 τῶν
319 2751 429 2816 αὐτῶν
444 2747 480 2814 δὲ
495 2751 673 2833 δείκνυται,
688 2749 738 2814 ὅτι
751 2748 806 2814 καὶ
820 2749 840 2832 η
855 2746 915 2834 μὲν
930 2754 996 2814 ΑΔ
1011 2749 1165 2833 ἐλαχίστη,

165 2877 233 2931 τῶν
256 2862 293 2930 δὲ
316 2868 426 2934 ἄλλων
448 2864 469 2947 ἡ
492 2862 553 2950 μὲν
576 2871 644 2930 ΑΕ
669 2875 727 2949 τῆς
749 2871 780 2929 Α
788 2869 814 2928 Ζ
841 2869 974 2949 μείζων,
1002 2864 1022 2948 ἡ
1047 2862 1084 2930 δὲ
1106 2864 1165 2928 AZ

236 3119 259 3167 2.
286 3113 382 3184 ΓΒΔ]
408 3115 457 3166 ΓΔ
474 3129 501 3180 p.
592 3117 615 3165 3.
642 3112 712 3183 ΓΘ]
738 3113 883 3166 Θθοοττ.
902 3129 929 3180 p.
1020 3118 1045 3166 4.
1067 3107 1163 3180 μεῖζον]

165 3183 257 3253 μεῖζόν
281 3182 337 3237 ἐστι
359 3202 386 3253 p.
479 3188 503 3236 ὃ.
533 3183 603 3254 ΓΘ]
631 3190 680 3251 τῆς
703 3185 757 3238 ΓΘ
778 3200 806 3251 p.
896 3183 970 3254 ΔΘ]
993 3191 1043 3252 τῆς
1066 3185 1120 3239 ΔΘ
1139 3196 1162 3248 p-

201 3262 242 3309 11.
268 3253 337 3309 Post
361 3257 421 3310 ΘΗ
442 3253 506 3308 add.
530 3253 579 3308 καὶ
603 3252 813 3324 ἐπεζεύχθωσαν
838 3253 868 3306 αλ
891 3257 956 3321 ΑΕ,
979 3257 1044 3323 AZ,
1067 3256 1123 3307 ΑΗ
1139 3267 1162 3318 p.

201 3331 242 3379 14.
262 3325 330 3396 ἀπό]
350 3326 406 3380 ἀπὸ
424 3334 480 3379 τῶν
498 3343 525 3394 p.
600 3331 640 3378 15.
660 3323 783 3396 τό(ο1λ.)]
802 3342 829 3392 p,
849 3341 902 3379 om.
921 3324 974 3378 Vc.
1043 3331 1083 3380 18.
1102 3321 1162 3390 ΑΕ]

165 3413 249 3464 supra.
268 3396 331 3450 add.
352 3399 386 3464 -Ι-
404 3414 440 3450 m.
460 3411 514 3449 rec.
530 3395 564 3463 V,
583 3403 631 3464 τῆς
649 3398 703 3449 ΑΕ
719 3413 746 3464 p.
820 3400 861 3450 20.
881 3391 1037 3467 δείκνυται]
1057 3390 1161 3478 δειχθή-

166 3482 241 3518 σεται
259 3483 285 3533 p.
367 3473 409 3520 21.
429 3463 574 3534 ἀγομένων
605 3465 661 3519 ἀπὸ
680 3474 729 3519 τοῦ
748 3471 769 3518 A
789 3463 934 3535 ἀγομένων
952 3484 978 3534 p.
1061 3471 1101 3520 22.
1122 3462 1162 3532 δε]

166 3531 193 3585 δ’
212 3535 312 3602 ὁμοίως
330 3554 356 3604 p.
429 3538 573 3589 δείκνυται
604 3536 783 3605 δειχθήσεται
799 3555 826 3604 p.
