2504 3928
180 196 243 260 182
491 201 579 252 ΠΕΡΙ
595 200 724 253 mor
742 201 878 254 ΤΟΜΗΣ.

245 344 327 408 ἔστω
350 345 513 428 πρότερον
537 342 554 408 6
578 343 687 428 αὐτός,
710 342 766 408 καὶ
789 343 1038 428 ἐπεζεύχθωσαν
1060 347 1097 410 αἱ
1112 349 1183 428 ΒΒ,

177 453 248 514 ΕΓ.
294 447 363 514 ἐπεὶ
391 446 468 533 οὖν,
496 451 540 527 ὡς
567 450 587 533 ἡ
614 455 643 515 Θ
669 452 752 537 πρὸς
775 455 824 534 Η,
847 451 954 528 οὕτως
975 451 996 535 ἡ
1019 456 1086 516 EA
1106 453 1184 536 πρὸς

177 560 254 640 AZ,
277 556 322 632 ὡς
345 553 382 621 δὲ
403 556 424 640 ἡ
447 562 517 621 EA
539 558 622 642 πρὸς
645 562 721 642 ΑΖ,
744 558 850 634 οὕτως
872 559 910 623 τὸ
933 558 1000 623 ὑπὸ
1023 563 1104 643 EA,
1124 559 1190 622 ΒΓ

177 664 261 750 πρὸς
286 664 323 728 τὸ
350 663 416 728 ὑπὸ
444 669 524 748 ΑΖ,
547 668 624 747 ΒΓ,
652 665 697 741 ὡς
719 666 783 751 ἄρα
806 664 826 747 ἡ
852 668 881 729 Θ
903 665 986 751 πρὸς
1010 669 1057 749 Η,
1084 664 1183 739 οὕτως

143 771 215 835 δτὸ
242 770 307 836 ὑπὸ
330 775 414 854 EA,
437 773 506 835 ΒΓ
526 772 609 857 πρὸς
636 771 673 836 τὸ
700 771 766 836 ὑπὸ
793 775 874 854 ΑΖ,
897 774 969 836 ΒΓ.
1020 770 1102 836 ἀλλὰ
1126 777 1182 834 τοῦ

178 872 238 960 μὲν
259 875 325 942 ὑπὸ
348 881 430 962 ΕΔ,
449 880 518 942 ΒΓ
535 878 637 962 ἥμισύ
660 877 730 943 ε’στι
751 879 789 942 τὸ
812 882 876 942 ΕΒ
883 881 916 942 Γ
933 881 1107 964 τρίγωνον,
1127 885 1182 942 τοῦ

179 979 216 1047 δὲ
243 983 308 1048 ὑπὸ
331 988 412 1067 ΑΖ,
436 987 504 1048 ΒΓ
524 984 626 1068 ἥμισύ
655 983 724 1049 ἐστι
746 985 784 1049 τὸ
807 988 913 1049 ΑΒΓ
930 989 1108 1070 τρίγωνον·
1132 981 1182 1048 καὶ

178 1093 215 1154 τὸ
237 1093 338 1155 ΒΕΓ
357 1092 421 1177 ἄρα
443 1091 526 1177 πρὸς
547 1092 584 1155 τὸ
603 1094 709 1156 ΒΑΓ
727 1094 828 1173 λόγον
851 1093 927 1176 ἔχει,
950 1089 990 1156 δν
1012 1091 1033 1175 ἡ
1059 1096 1087 1157 Θ
1107 1090 1183 1175 πρὸς

182 1201 229 1281 H,
251 1195 400 1262 τουτέστι
423 1199 482 1262 τὸν
505 1195 734 1281 ε’πιταχθέντα.

128 1311 160 1359 10
245 1302 328 1368 ἀλλὰ
347 1305 388 1388 δὴ
408 1303 505 1388 ἐχέτω
524 1305 545 1389 ἡ
566 1309 595 1369 Θ
612 1305 695 1391 πρὸς
711 1309 751 1369 Η
765 1303 923 1370 ἐλάττονα
946 1307 1048 1387 λόγον
1065 1305 1141 1388 ἥπερ
1162 1300 1181 1384 ἡ

178 1415 247 1476 EA
268 1411 352 1493 πρὸς
369 1418 401 1475 Α
408 1415 445 1495 Ζ,
467 1409 616 1494 γενέσθω
639 1409 686 1494 δέ,
710 1410 797 1495 ὡςὴ
823 1415 852 1476 Θ
873 1413 957 1498 πρὸς
978 1415 1024 1495 Η,
1048 1407 1182 1490 οὕτωςὴ

179 1520 249 1581 KA
276 1517 359 1603 πρὸς
386 1522 465 1602 ΑΖ,
497 1516 552 1582 καὶ
584 1519 641 1582 διὰ
673 1527 733 1582 τοῦ
761 1521 796 1582 Κ
824 1527 863 1602 τῇ
893 1521 959 1583 ΓΔ
984 1518 1182 1604 παράλληλος

179 1624 274 1707 ἤχθω
306 1624 327 1707 ἡ
354 1627 437 1708 ΚΛ,
468 1621 524 1688 καὶ
557 1623 805 1709 ἐπεζεύχθωσαν
833 1625 871 1689 αἱ
895 1628 974 1708 ΑΒ,
998 1628 1071 1690 ΛΓ.
1119 1619 1182 1687 ἐπεὶ

181 1727 253 1815 οὖν,
276 1731 321 1808 ὡς
343 1729 364 1813 ἡ
389 1735 418 1795 Θ
439 1731 522 1816 πρὸς
544 1734 595 1814 Η,
618 1731 724 1807 οὕτως
747 1731 768 1815 ἡ
791 1734 860 1795 KA
882 1732 966 1817 πρὸς
989 1735 1069 1814 ΑΖ,
1087 1730 1128 1805 ὡς
1148 1723 1181 1792 δέ

129 1836 201 1919 1ὀὴ
224 1840 295 1901 KA
317 1838 400 1922 πρὸς
422 1840 502 1921 ΑΖ,
519 1837 636 1930 1οὕτως
663 1839 700 1902 τὸ
728 1840 831 1902 ΒΑΓ
853 1840 1018 1923 τρίγωνον
1044 1837 1123 1922 πρὸς
1147 1835 1180 1898 τὸ

181 1946 287 2007 ΒΑΓ
303 1947 478 2028 τρίγωνον,
501 1945 537 2008 τὸ
561 1943 626 2028 ἄρα
644 1947 749 2008 ΒΑΓ
766 1945 849 2030 πρὸς
866 1945 904 2009 τὸ
923 1947 1030 2008 ΒΑΓ
1046 1945 1104 2009 τὸν
1120 1942 1180 2007 έπι-

181 2047 345 2134 ταχθέντα
368 2053 434 2134 ἔχει
461 2053 562 2132 λόγον
593 2051 653 2116 τὸν
675 2058 733 2134 τῆς
758 2055 787 2115 Θ
809 2051 891 2136 πρὸς
913 2054 966 2114 Η·
990 2052 1056 2134 ἔχει
1078 2046 1113 2115 δὲ
1132 2044 1179 2112 καὶ

181 2157 242 2240 τὴν
265 2160 334 2221 AA
353 2161 429 2240 ἴσην
451 2165 490 2242 τῇ
513 2162 596 2222 ΔΑ·
621 2155 638 2220 6
662 2155 899 2243 προστέτακται
922 2165 1066 2240 ποιῆσαι.

660 2349 717 2430 κζ’.

129 2487 164 2535 20
254 2477 320 2542 Tov
343 2475 487 2542 δοθέντα
509 2486 619 2541 κῶνον
642 2477 808 2559 σκαληνὸν
830 2487 939 2559 τεμεῖν
962 2476 1019 2540 διὰ
1042 2485 1100 2541 τοῦ
1117 2472 1178 2551 ἄξο-

182 2606 241 2658 νος
268 2581 409 2670 ἐπιπέδῳ
437 2591 590 2648 ποιοῦντι
617 2585 782 2670 τρίγωνον
809 2581 845 2647 έν
872 2592 918 2670 τῷ
944 2583 1057 2670 κώνῳ,
1088 2582 1105 2647 6
1130 2580 1178 2644 τὸν
1238 2659 1239 2670 2

183 2686 327 2753 δοθέντα
354 2691 456 2771 λόχον
483 2686 547 2766 ἔξει
575 2691 658 2774 πρὸς
686 2690 724 2754 τὸ
754 2688 926 2773 ἐλάχιστον
955 2699 1023 2754 τῶν
1050 2691 1105 2754 διὰ
1129 2693 1178 2751 τοῦ

186 2791 303 2871 ἄξονος
325 2796 511 2880 τριγώνων·
535 2796 589 2860 δεῖ
609 2797 650 2880 δὴ
673 2797 732 2861 τὸν
756 2794 900 2861 δοθέντα
923 2800 1024 2879 λόχον
1047 2799 1178 2881 μείζονος

184 2902 265 2967 ὄντα
291 2902 374 2988 πρὸς
400 2904 536 2967 ἔλαττον
563 2904 607 2987 μὴ
635 2905 766 2987 μείζονα
794 2897 879 2968 εἶναι
907 2911 966 2967 τοῦ
995 2901 1036 2967 δν
1063 2905 1125 2986 ἔχει
1148 2899 1176 2962 τὸ
1237 2919 1238 2970 ι

132 3018 166 3068 25
185 3007 340 3093 μέγιστον
362 3011 527 3093 τρίγωνον
551 3019 619 3074 τῶν
644 3010 700 3074 διδ
725 3018 785 3074 τοῦ
811 3007 928 3087 ἄξονος
952 3010 1036 3095 πρὸς
1060 3010 1095 3074 τὸ
1117 3003 1176 3072 ἐλέ-

184 3132 306 3200 χιστον.

252 3226 334 3288 έστω
358 3222 376 3288 6
400 3220 514 3300 δοθεὶς
536 3233 643 3299 κῶνος
666 3225 838 3307 σκαληνός,
861 3217 902 3287 οὗ
925 3222 943 3289 6
967 3221 1055 3300 ἄξων
1078 3221 1174 3294 ὁΑΒ,
1236 3235 1237 3238 ’

256 3419 280 3467 2.
299 3414 348 3484 ὡς]
367 3430 453 3484 supra
471 3431 521 3469 scr.
540 3432 567 3484 p.
626 3416 670 3485 H]
689 3415 740 3485 τὴν
759 3420 789 3470 Η
805 3435 831 3485 p.
906 3420 930 3470 3.
950 3413 1163 3486 AZ(utrumque)

185 3481 350 3552 τὴνΑΖρ.
422 3485 971 3560 4.ὡςᾶρα-5.ΑΖ,ΒΓ]οπι.ρ.
1045 3492 1069 3542 6,
1091 3483 1162 3540 ΕΒΓ

187 3566 254 3606 corr.
270 3569 305 3607 ex
322 3559 406 3608 ΑΒΓ
419 3573 455 3610 m.
472 3561 485 3609 1
507 3572 529 3611 ο.
602 3557 671 3611 Post
688 3555 824 3627 τρίγωνον
843 3557 898 3613 del.
918 3557 966 3612 καὶ
985 3559 1015 3613 τὸ
1036 3559 1117 3614 ΒΕΓ
1129 3547 1173 3620 τρέ-
