<?xml version="1.0" encoding="UTF-8"?>
<!DOCTYPE html PUBLIC "-//W3C//DTD XHTML 1.0 Transitional//EN"
    "http://www.w3.org/TR/xhtml1/DTD/xhtml1-transitional.dtd">
<html xmlns="http://www.w3.org/1999/xhtml" xml:lang="en" lang="en">
 <head>
  <title>
</title>
<meta http-equiv="Content-Type" content="text/html;charset=utf-8" />
  <meta name='ocr-system' content='tesseract 3.04.00' />
  <meta name='ocr-capabilities' content='ocr_page ocr_carea ocr_par ocr_line ocrx_word'/>
</head>
<body>
  <div class='ocr_page' id='page_1' title='image "./sereniantinoens00heibgoog_0249.png"; bbox 0 0 2592 3932; ppageno 0'>
   <div class='ocr_carea' id='block_1_1' title="bbox 205 175 909 238">
    <p class='ocr_par' dir='ltr' id='par_1_1' title="bbox 205 175 909 238">
     <span class='ocr_line' id='line_1_1' title="bbox 205 175 909 238; baseline -0.016 0"><span class='ocrx_word' id='word_1_1' title='bbox 205 175 270 238; x_wconf 76' lang='lat'><strong><em>224</em></strong></span> <span class='ocrx_word' id='word_1_2' title='bbox 518 176 606 226; x_wconf 79' lang='grc' dir='ltr'>ΠΕΡΙ</span> <span class='ocrx_word' id='word_1_3' title='bbox 624 175 754 227; x_wconf 64' lang='lat' dir='ltr'><strong><em>mm</em></strong></span> <span class='ocrx_word' id='word_1_4' title='bbox 773 175 909 227; x_wconf 76' lang='grc' dir='ltr'><strong><em>ΤοΜΗΣ.</em></strong></span> 
     </span>
    </p>
   </div>
   <div class='ocr_carea' id='block_1_2' title="bbox 153 315 1218 1575">
    <p class='ocr_par' dir='ltr' id='par_1_2' title="bbox 205 315 1216 726">
     <span class='ocr_line' id='line_1_2' title="bbox 205 315 1213 404; baseline -0.005 -20"><span class='ocrx_word' id='word_1_5' title='bbox 205 319 338 404; x_wconf 75' lang='grc' dir='ltr'><strong><em>ἐδείχθη</em></strong></span> <span class='ocrx_word' id='word_1_6' title='bbox 366 316 403 383; x_wconf 73' lang='grc' dir='ltr'><strong><em>δὲ</em></strong></span> <span class='ocrx_word' id='word_1_7' title='bbox 426 318 463 383; x_wconf 91' lang='grc' dir='ltr'><strong><em>τὸ</em></strong></span> <span class='ocrx_word' id='word_1_8' title='bbox 487 318 550 384; x_wconf 81' lang='grc' dir='ltr'><strong><em>ἀπὸ</em></strong></span> <span class='ocrx_word' id='word_1_9' title='bbox 577 323 649 383; x_wconf 90' lang='grc' dir='ltr'><strong><em>ΖΗ</em></strong></span> <span class='ocrx_word' id='word_1_10' title='bbox 667 320 802 383; x_wconf 79' lang='grc' dir='ltr'><strong><em>ἔλαττον</em></strong></span> <span class='ocrx_word' id='word_1_11' title='bbox 827 317 847 402; x_wconf 75' lang='grc' dir='ltr'>ἢ</span> <span class='ocrx_word' id='word_1_12' title='bbox 871 318 1048 384; x_wconf 79' lang='grc' dir='ltr'><strong><em>διπλάσιον</em></strong></span> <span class='ocrx_word' id='word_1_13' title='bbox 1072 325 1133 382; x_wconf 90' lang='grc' dir='ltr'><strong><em>τοῦ</em></strong></span> <span class='ocrx_word' id='word_1_14' title='bbox 1156 315 1213 380; x_wconf 80' lang='grc' dir='ltr'><strong><em>ἀπὸ</em></strong></span> 
     </span>
     <span class='ocr_line' id='line_1_3' title="bbox 206 423 1214 512; baseline -0.005 -22"><span class='ocrx_word' id='word_1_15' title='bbox 206 431 287 490; x_wconf 91' lang='grc' dir='ltr'><strong><em>ΗΒ·</em></strong></span> <span class='ocrx_word' id='word_1_16' title='bbox 305 425 342 491; x_wconf 86' lang='grc' dir='ltr'><strong><em>τὸ</em></strong></span> <span class='ocrx_word' id='word_1_17' title='bbox 363 423 427 512; x_wconf 74' lang='grc' dir='ltr'><strong><em>ἄρα</em></strong></span> <span class='ocrx_word' id='word_1_18' title='bbox 446 425 509 491; x_wconf 82' lang='grc' dir='ltr'><strong><em>ιἰπδ</em></strong></span> <span class='ocrx_word' id='word_1_19' title='bbox 527 430 600 490; x_wconf 90' lang='grc' dir='ltr'><strong><em>ΖΗ</em></strong></span> <span class='ocrx_word' id='word_1_20' title='bbox 612 424 695 512; x_wconf 82' lang='grc' dir='ltr'><strong><em>πρὸς</em></strong></span> <span class='ocrx_word' id='word_1_21' title='bbox 713 424 750 490; x_wconf 87' lang='grc' dir='ltr'><strong><em>τὸ</em></strong></span> <span class='ocrx_word' id='word_1_22' title='bbox 770 424 834 490; x_wconf 85' lang='grc' dir='ltr'><strong><em>ἀπὸ</em></strong></span> <span class='ocrx_word' id='word_1_23' title='bbox 854 429 922 490; x_wconf 88' lang='grc' dir='ltr'><strong><em>ΗΒ</em></strong></span> <span class='ocrx_word' id='word_1_24' title='bbox 942 423 1103 490; x_wconf 79' lang='grc' dir='ltr'><strong><em>ἐλάττονα</em></strong></span> <span class='ocrx_word' id='word_1_25' title='bbox 1122 426 1214 505; x_wconf 79' lang='grc' dir='ltr'><strong><em>λόγον</em></strong></span> 
     </span>
     <span class='ocr_line' id='line_1_4' title="bbox 206 527 1214 618; baseline -0.005 -21"><span class='ocrx_word' id='word_1_26' title='bbox 206 535 270 617; x_wconf 79' lang='grc' dir='ltr'><strong><em>ἔχει</em></strong></span> <span class='ocrx_word' id='word_1_27' title='bbox 297 533 379 618; x_wconf 71' lang='grc' dir='ltr'><strong><em>ἤπερ</em></strong></span> <span class='ocrx_word' id='word_1_28' title='bbox 407 534 444 597; x_wconf 89' lang='grc' dir='ltr'><strong><em>τὸ</em></strong></span> <span class='ocrx_word' id='word_1_29' title='bbox 473 533 535 597; x_wconf 81' lang='grc' dir='ltr'><strong><em>ἀπὸ</em></strong></span> <span class='ocrx_word' id='word_1_30' title='bbox 566 536 631 596; x_wconf 87' lang='grc' dir='ltr'><strong><em>ΖΑ</em></strong></span> <span class='ocrx_word' id='word_1_31' title='bbox 657 533 740 618; x_wconf 82' lang='grc' dir='ltr'><strong><em>πρὸς</em></strong></span> <span class='ocrx_word' id='word_1_32' title='bbox 761 533 799 597; x_wconf 90' lang='grc' dir='ltr'><strong><em>τὸ</em></strong></span> <span class='ocrx_word' id='word_1_33' title='bbox 823 531 886 597; x_wconf 80' lang='grc' dir='ltr'><strong><em>ἀπὸ</em></strong></span> <span class='ocrx_word' id='word_1_34' title='bbox 911 538 992 596; x_wconf 87' lang='grc' dir='ltr'><strong><em>ΑΒ·</em></strong></span> <span class='ocrx_word' id='word_1_35' title='bbox 1015 534 1101 598; x_wconf 80' lang='grc' dir='ltr'><strong><em>ὥστε</em></strong></span> <span class='ocrx_word' id='word_1_36' title='bbox 1124 527 1214 609; x_wconf 80' lang='grc' dir='ltr'><strong><em>καὶὴ</em></strong></span> 
     </span>
     <span class='ocr_line' id='line_1_5' title="bbox 206 636 1216 726; baseline -0.004 -23"><span class='ocrx_word' id='word_1_37' title='bbox 206 643 279 703; x_wconf 90' lang='grc' dir='ltr'><strong><em>ΖΗ</em></strong></span> <span class='ocrx_word' id='word_1_38' title='bbox 300 639 383 726; x_wconf 78' lang='grc' dir='ltr'><strong><em>πρὸς</em></strong></span> <span class='ocrx_word' id='word_1_39' title='bbox 406 644 473 703; x_wconf 90' lang='grc' dir='ltr'><strong><em>ΗΒ</em></strong></span> <span class='ocrx_word' id='word_1_40' title='bbox 502 638 658 704; x_wconf 77' lang='grc' dir='ltr'><strong><em>ἐλάττονα</em></strong></span> <span class='ocrx_word' id='word_1_41' title='bbox 687 641 787 720; x_wconf 81' lang='grc' dir='ltr'><strong><em>λόγον</em></strong></span> <span class='ocrx_word' id='word_1_42' title='bbox 811 641 876 723; x_wconf 80' lang='grc' dir='ltr'><strong><em>ἔχει</em></strong></span> <span class='ocrx_word' id='word_1_43' title='bbox 899 640 981 724; x_wconf 77' lang='grc' dir='ltr'><strong><em>ἥπερ</em></strong></span> <span class='ocrx_word' id='word_1_44' title='bbox 1005 638 1024 722; x_wconf 82' lang='grc' dir='ltr'><em>ἡ</em></span> <span class='ocrx_word' id='word_1_45' title='bbox 1051 643 1119 703; x_wconf 87' lang='grc' dir='ltr'><strong><em>ΖΑ</em></strong></span> <span class='ocrx_word' id='word_1_46' title='bbox 1142 636 1216 719; x_wconf 80' lang='grc' dir='ltr'><strong><em>πρὸς</em></strong></span> 
     </span>
    </p>

    <p class='ocr_par' dir='ltr' id='par_1_3' title="bbox 171 741 1218 1256">
     <span class='ocr_line' id='line_1_6' title="bbox 171 741 1218 832; baseline -0.006 -22"><span class='ocrx_word' id='word_1_47' title='bbox 171 763 186 810; x_wconf 83' lang='grc'>5</span> <span class='ocrx_word' id='word_1_48' title='bbox 206 752 281 810; x_wconf 90' lang='grc' dir='ltr'><strong><em>ΑΒ.</em></strong></span> <span class='ocrx_word' id='word_1_49' title='bbox 328 745 385 810; x_wconf 74' lang='grc' dir='ltr'><strong><em>ἐὰν</em></strong></span> <span class='ocrx_word' id='word_1_50' title='bbox 409 741 471 810; x_wconf 82' lang='grc' dir='ltr'><strong><em>οὖν</em></strong></span> <span class='ocrx_word' id='word_1_51' title='bbox 493 744 594 810; x_wconf 79' lang='grc' dir='ltr'><strong><em>πάλιν</em></strong></span> <span class='ocrx_word' id='word_1_52' title='bbox 617 745 654 810; x_wconf 85' lang='grc' dir='ltr'><strong><em>ἐν</em></strong></span> <span class='ocrx_word' id='word_1_53' title='bbox 677 755 723 832; x_wconf 76' lang='grc' dir='ltr'><strong><em>τῷ</em></strong></span> <span class='ocrx_word' id='word_1_54' title='bbox 742 747 851 832; x_wconf 81' lang='grc' dir='ltr'><strong><em>κύκλῳ</em></strong></span> <span class='ocrx_word' id='word_1_55' title='bbox 870 754 910 830; x_wconf 73' lang='grc' dir='ltr'><strong><em>τῇ</em></strong></span> <span class='ocrx_word' id='word_1_56' title='bbox 931 750 995 811; x_wconf 83' lang='grc' dir='ltr'><strong><em>ΓΛ</em></strong></span> <span class='ocrx_word' id='word_1_57' title='bbox 1012 747 1099 831; x_wconf 78' lang='grc' dir='ltr'><strong><em>πρὸς</em></strong></span> <span class='ocrx_word' id='word_1_58' title='bbox 1117 742 1218 829; x_wconf 80' lang='grc' dir='ltr'><strong><em>ὀρθὰς</em></strong></span> 
     </span>
     <span class='ocr_line' id='line_1_7' title="bbox 205 849 1218 937; baseline -0.003 -21"><span class='ocrx_word' id='word_1_59' title='bbox 205 853 356 936; x_wconf 79' lang='grc' dir='ltr'><em>ἀχθῶσιν</em></span> <span class='ocrx_word' id='word_1_60' title='bbox 380 853 416 916; x_wconf 77' lang='grc' dir='ltr'><strong><em>αἱ</em></strong></span> <span class='ocrx_word' id='word_1_61' title='bbox 434 855 513 936; x_wconf 89' lang='grc' dir='ltr'><strong><em>ΖΚ,</em></strong></span> <span class='ocrx_word' id='word_1_62' title='bbox 532 856 612 936; x_wconf 83' lang='grc' dir='ltr'><strong><em>ΒΘ,</em></strong></span> <span class='ocrx_word' id='word_1_63' title='bbox 632 851 807 937; x_wconf 72' lang='grc' dir='ltr'><strong><em>ἐπιζευχθῇ</em></strong></span> <span class='ocrx_word' id='word_1_64' title='bbox 826 875 860 916; x_wconf 87' lang='grc' dir='ltr'><strong><em>τε</em></strong></span> <span class='ocrx_word' id='word_1_65' title='bbox 879 850 899 934; x_wconf 81' lang='grc' dir='ltr'><em>ἡ</em></span> <span class='ocrx_word' id='word_1_66' title='bbox 919 855 995 935; x_wconf 89' lang='grc' dir='ltr'><strong><em>ΒΚ,</em></strong></span> <span class='ocrx_word' id='word_1_67' title='bbox 1014 851 1034 935; x_wconf 81' lang='grc' dir='ltr'><em>ἡ</em></span> <span class='ocrx_word' id='word_1_68' title='bbox 1054 855 1124 916; x_wconf 83' lang='grc' dir='ltr'><strong><em>ΒΘ</em></strong></span> <span class='ocrx_word' id='word_1_69' title='bbox 1142 849 1218 933; x_wconf 79' lang='grc' dir='ltr'><strong><em>πρὸς</em></strong></span> 
     </span>
     <span class='ocr_line' id='line_1_8' title="bbox 207 953 1218 1044; baseline -0.004 -22"><span class='ocrx_word' id='word_1_70' title='bbox 207 963 274 1023; x_wconf 88' lang='grc' dir='ltr'><strong><em>ΖΚ</em></strong></span> <span class='ocrx_word' id='word_1_71' title='bbox 298 957 456 1024; x_wconf 80' lang='grc' dir='ltr'><strong><em>ἐλάττονα</em></strong></span> <span class='ocrx_word' id='word_1_72' title='bbox 484 960 584 1041; x_wconf 75' lang='grc' dir='ltr'><strong><em>λόγον</em></strong></span> <span class='ocrx_word' id='word_1_73' title='bbox 614 961 679 1043; x_wconf 79' lang='grc' dir='ltr'><strong><em>ἔχει</em></strong></span> <span class='ocrx_word' id='word_1_74' title='bbox 707 960 789 1044; x_wconf 77' lang='grc' dir='ltr'><strong><em>ἥπερ</em></strong></span> <span class='ocrx_word' id='word_1_75' title='bbox 817 957 837 1041; x_wconf 81' lang='grc' dir='ltr'><em>ἡ</em></span> <span class='ocrx_word' id='word_1_76' title='bbox 867 963 932 1023; x_wconf 89' lang='grc' dir='ltr'><strong><em>ΖΑ</em></strong></span> <span class='ocrx_word' id='word_1_77' title='bbox 959 959 1043 1043; x_wconf 83' lang='grc' dir='ltr'><strong><em>πρὸς</em></strong></span> <span class='ocrx_word' id='word_1_78' title='bbox 1070 961 1153 1022; x_wconf 85' lang='grc' dir='ltr'><strong><em>ΑΒ·</em></strong></span> <span class='ocrx_word' id='word_1_79' title='bbox 1185 953 1218 1017; x_wconf 85' lang='grc' dir='ltr'><strong><em>τὸ</em></strong></span> 
     </span>
     <span class='ocr_line' id='line_1_9' title="bbox 205 1060 1218 1150; baseline -0.005 -22"><span class='ocrx_word' id='word_1_80' title='bbox 205 1067 268 1150; x_wconf 75' lang='grc' dir='ltr'><strong><em>ἄρα</em></strong></span> <span class='ocrx_word' id='word_1_81' title='bbox 298 1066 355 1129; x_wconf 81' lang='grc' dir='ltr'><strong><em>διὰ</em></strong></span> <span class='ocrx_word' id='word_1_82' title='bbox 384 1075 444 1130; x_wconf 86' lang='grc' dir='ltr'><strong><em>τοῦ</em></strong></span> <span class='ocrx_word' id='word_1_83' title='bbox 476 1063 593 1143; x_wconf 73' lang='grc' dir='ltr'><strong><em>ἄξονος</em></strong></span> <span class='ocrx_word' id='word_1_84' title='bbox 622 1061 785 1140; x_wconf 74' lang='grc' dir='ltr'><strong><em>ἰσοσκελὲς</em></strong></span> <span class='ocrx_word' id='word_1_85' title='bbox 814 1067 949 1130; x_wconf 80' lang='grc' dir='ltr'><strong><em>ἔλαττόν</em></strong></span> <span class='ocrx_word' id='word_1_86' title='bbox 978 1064 1047 1130; x_wconf 77' lang='grc' dir='ltr'><strong><em>ἐστι</em></strong></span> <span class='ocrx_word' id='word_1_87' title='bbox 1074 1072 1138 1129; x_wconf 86' lang='grc' dir='ltr'><strong><em>τοῦ</em></strong></span> <span class='ocrx_word' id='word_1_88' title='bbox 1167 1060 1218 1125; x_wconf 82' lang='grc' dir='ltr'><strong><em>διὰ</em></strong></span> 
     </span>
     <span class='ocr_line' id='line_1_10' title="bbox 205 1166 1218 1256; baseline 0 -20"><span class='ocrx_word' id='word_1_89' title='bbox 205 1181 262 1256; x_wconf 75' lang='grc' dir='ltr'><strong><em>τῆς</em></strong></span> <span class='ocrx_word' id='word_1_90' title='bbox 289 1179 321 1236; x_wconf 83' lang='lat' dir='ltr'><em>A</em></span> <span class='ocrx_word' id='word_1_91' title='bbox 329 1176 364 1235; x_wconf 90' lang='lat' dir='ltr'><strong><em>Z.</em></strong></span> <span class='ocrx_word' id='word_1_92' title='bbox 415 1172 476 1236; x_wconf 92' lang='grc' dir='ltr'><strong><em>ούκ</em></strong></span> <span class='ocrx_word' id='word_1_93' title='bbox 505 1171 570 1256; x_wconf 77' lang='grc' dir='ltr'><strong><em>ἄρα</em></strong></span> <span class='ocrx_word' id='word_1_94' title='bbox 597 1173 634 1237; x_wconf 92' lang='grc' dir='ltr'><strong><em>τὸ</em></strong></span> <span class='ocrx_word' id='word_1_95' title='bbox 662 1171 719 1236; x_wconf 82' lang='grc' dir='ltr'><strong><em>διὰ</em></strong></span> <span class='ocrx_word' id='word_1_96' title='bbox 746 1180 806 1236; x_wconf 86' lang='grc' dir='ltr'><strong><em>τοῦ</em></strong></span> <span class='ocrx_word' id='word_1_97' title='bbox 831 1170 949 1249; x_wconf 77' lang='grc' dir='ltr'><strong><em>ἄξονος</em></strong></span> <span class='ocrx_word' id='word_1_98' title='bbox 973 1168 1142 1247; x_wconf 78' lang='grc' dir='ltr'><strong><em>ἰσοσκελὲς</em></strong></span> <span class='ocrx_word' id='word_1_99' title='bbox 1167 1166 1218 1252; x_wconf 82' lang='grc' dir='ltr'><strong><em>με’-</em></strong></span> 
     </span>
    </p>

    <p class='ocr_par' dir='ltr' id='par_1_4' title="bbox 153 1274 1217 1575">
     <span class='ocr_line' id='line_1_11' title="bbox 153 1274 1217 1363; baseline -0.007 -19"><span class='ocrx_word' id='word_1_100' title='bbox 153 1296 186 1344; x_wconf 86' lang='lat'><strong><em>10</em></strong></span> <span class='ocrx_word' id='word_1_101' title='bbox 205 1281 320 1360; x_wconf 79' lang='grc' dir='ltr'><strong><em>χιστόν</em></strong></span> <span class='ocrx_word' id='word_1_102' title='bbox 351 1278 421 1343; x_wconf 89' lang='grc' dir='ltr'><strong><em>ε’στι</em></strong></span> <span class='ocrx_word' id='word_1_103' title='bbox 448 1277 583 1343; x_wconf 74' lang='grc' dir='ltr'><strong><em>πάντων</em></strong></span> <span class='ocrx_word' id='word_1_104' title='bbox 616 1289 698 1362; x_wconf 85' lang='grc' dir='ltr'><strong><em>τῶν,</em></strong></span> <span class='ocrx_word' id='word_1_105' title='bbox 724 1279 769 1354; x_wconf 80' lang='grc' dir='ltr'><strong><em>ὡς</em></strong></span> <span class='ocrx_word' id='word_1_106' title='bbox 797 1285 937 1363; x_wconf 78' lang='grc' dir='ltr'><strong><em>εἴρηται,</em></strong></span> <span class='ocrx_word' id='word_1_107' title='bbox 969 1274 1217 1363; x_wconf 80' lang='grc' dir='ltr'><strong><em>συνισταμένων</em></strong></span> 
     </span>
     <span class='ocr_line' id='line_1_12' title="bbox 207 1382 1216 1470; baseline 0 -23"><span class='ocrx_word' id='word_1_108' title='bbox 207 1385 394 1448; x_wconf 80' lang='grc' dir='ltr'><strong><em>ἰσοσκελῶν.</em></strong></span> <span class='ocrx_word' id='word_1_109' title='bbox 441 1385 575 1470; x_wconf 76' lang='grc' dir='ltr'><strong><em>ἐδείχθη</em></strong></span> <span class='ocrx_word' id='word_1_110' title='bbox 599 1384 645 1468; x_wconf 82' lang='grc' dir='ltr'><strong><em>δέ,</em></strong></span> <span class='ocrx_word' id='word_1_111' title='bbox 669 1385 719 1450; x_wconf 80' lang='grc' dir='ltr'><strong><em>ὅτι</em></strong></span> <span class='ocrx_word' id='word_1_112' title='bbox 743 1382 822 1449; x_wconf 74' lang='grc' dir='ltr'><strong><em>οὐδὲ</em></strong></span> <span class='ocrx_word' id='word_1_113' title='bbox 845 1383 1030 1469; x_wconf 79' lang='grc' dir='ltr'><strong><em>ἐλάχιστον·</em></strong></span> <span class='ocrx_word' id='word_1_114' title='bbox 1055 1387 1132 1450; x_wconf 79' lang='grc' dir='ltr'><strong><em>οὔτε</em></strong></span> <span class='ocrx_word' id='word_1_115' title='bbox 1155 1383 1216 1466; x_wconf 80' lang='grc' dir='ltr'><strong><em>ἄρα</em></strong></span> 
     </span>
     <span class='ocr_line' id='line_1_13' title="bbox 205 1488 779 1575; baseline 0.002 -20"><span class='ocrx_word' id='word_1_116' title='bbox 205 1488 360 1575; x_wconf 77' lang='grc' dir='ltr'><strong><em>μέγιστόν</em></strong></span> <span class='ocrx_word' id='word_1_117' title='bbox 384 1491 474 1556; x_wconf 84' lang='grc' dir='ltr'><strong><em>ἐστιν</em></strong></span> <span class='ocrx_word' id='word_1_118' title='bbox 498 1493 574 1556; x_wconf 85' lang='grc' dir='ltr'><strong><em>ούτε</em></strong></span> <span class='ocrx_word' id='word_1_119' title='bbox 598 1490 779 1575; x_wconf 79' lang='grc' dir='ltr'><strong><em>ἐλάχιστον.</em></strong></span> 
     </span>
    </p>
   </div>
   <div class='ocr_carea' id='block_1_3' title="bbox 152 1712 1270 3285">
    <p class='ocr_par' dir='ltr' id='par_1_5' title="bbox 152 1712 1271 3372">
     <span class='ocr_line' id='line_1_14' title="bbox 679 1712 746 1771; baseline -0.015 0"><span class='ocrx_word' id='word_1_120' title='bbox 679 1712 746 1771; x_wconf 67' lang='grc' dir='ltr'><strong><em>μγ·</em></strong></span> 
     </span>
     <span class='ocr_line' id='line_1_15' title="bbox 263 1806 1212 1896; baseline -0.004 -20"><span class='ocrx_word' id='word_1_121' title='bbox 263 1809 368 1877; x_wconf 83' lang='grc' dir='ltr'><strong><em>Ἔστω</em></strong></span> <span class='ocrx_word' id='word_1_122' title='bbox 393 1809 429 1876; x_wconf 74' lang='grc' dir='ltr'><strong><em>δὲ</em></strong></span> <span class='ocrx_word' id='word_1_123' title='bbox 451 1820 516 1876; x_wconf 85' lang='grc' dir='ltr'><strong><em>νῦν</em></strong></span> <span class='ocrx_word' id='word_1_124' title='bbox 539 1810 557 1876; x_wconf 87' lang='grc' dir='ltr'><strong><em>δ</em></strong></span> <span class='ocrx_word' id='word_1_125' title='bbox 580 1816 646 1875; x_wconf 85' lang='grc' dir='ltr'><strong><em>ΑΒ</em></strong></span> <span class='ocrx_word' id='word_1_126' title='bbox 671 1810 760 1889; x_wconf 80' lang='grc' dir='ltr'><strong><em>ἄξων</em></strong></span> <span class='ocrx_word' id='word_1_127' title='bbox 782 1814 901 1896; x_wconf 81' lang='grc' dir='ltr'><strong><em>μείζων</em></strong></span> <span class='ocrx_word' id='word_1_128' title='bbox 923 1820 981 1895; x_wconf 78' lang='grc' dir='ltr'><strong><em>τῆς</em></strong></span> <span class='ocrx_word' id='word_1_129' title='bbox 1004 1811 1040 1876; x_wconf 79' lang='grc' dir='ltr'><strong><em>ἐκ</em></strong></span> <span class='ocrx_word' id='word_1_130' title='bbox 1062 1821 1121 1876; x_wconf 86' lang='grc' dir='ltr'><strong><em>τοῦ</em></strong></span> <span class='ocrx_word' id='word_1_131' title='bbox 1144 1806 1212 1875; x_wconf 82' lang='grc' dir='ltr'><strong><em>κέν·</em></strong></span> 
     </span>
     <span class='ocr_line' id='line_1_16' title="bbox 154 1916 1270 2006; baseline -0.003 -24"><span class='ocrx_word' id='word_1_132' title='bbox 154 1936 186 1983; x_wconf 85' lang='grc'><strong><em>15</em></strong></span> <span class='ocrx_word' id='word_1_133' title='bbox 205 1943 301 2004; x_wconf 77' lang='grc' dir='ltr'><strong><em>τηου,</em></strong></span> <span class='ocrx_word' id='word_1_134' title='bbox 324 1916 379 1983; x_wconf 81' lang='grc' dir='ltr'><strong><em>καλ</em></strong></span> <span class='ocrx_word' id='word_1_135' title='bbox 403 1917 439 1983; x_wconf 85' lang='grc' dir='ltr'><strong><em>ἑν</em></strong></span> <span class='ocrx_word' id='word_1_136' title='bbox 462 1927 507 2006; x_wconf 78' lang='grc' dir='ltr'><strong><em>τῷ</em></strong></span> <span class='ocrx_word' id='word_1_137' title='bbox 530 1918 624 2005; x_wconf 75' lang='grc' dir='ltr'><strong><em>ὀρθῷ</em></strong></span> <span class='ocrx_word' id='word_1_138' title='bbox 642 1918 726 2002; x_wconf 77' lang='grc' dir='ltr'><strong><em>πρὸς</em></strong></span> <span class='ocrx_word' id='word_1_139' title='bbox 744 1919 802 1982; x_wconf 90' lang='grc' dir='ltr'><strong><em>τὸν</em></strong></span> <span class='ocrx_word' id='word_1_140' title='bbox 820 1919 943 1983; x_wconf 83' lang='grc' dir='ltr'><strong><em>κύκλον</em></strong></span> <span class='ocrx_word' id='word_1_141' title='bbox 962 1916 1103 2006; x_wconf 77' lang='grc' dir='ltr'><strong><em>ἐπιπέδῳ</em></strong></span> <span class='ocrx_word' id='word_1_142' title='bbox 1122 1919 1212 2002; x_wconf 75' lang='grc' dir='ltr'><strong><em>ἤχθω</em></strong></span> <span class='ocrx_word' id='word_1_143' title='bbox 1269 1983 1270 1996; x_wconf 25' lang='grc' dir='ltr'><strong><em>χ</em></strong></span> 
     </span>
     <span class='ocr_line' id='line_1_17' title="bbox 204 2022 734 2108; baseline -0.002 -19"><span class='ocrx_word' id='word_1_144' title='bbox 204 2022 344 2100; x_wconf 78' lang='grc' dir='ltr'><strong><em>κάθετος</em></strong></span> <span class='ocrx_word' id='word_1_145' title='bbox 367 2023 419 2089; x_wconf 79' lang='grc' dir='ltr'><strong><em>ἐπὶ</em></strong></span> <span class='ocrx_word' id='word_1_146' title='bbox 443 2027 503 2108; x_wconf 83' lang='grc' dir='ltr'><strong><em>την</em></strong></span> <span class='ocrx_word' id='word_1_147' title='bbox 528 2028 593 2089; x_wconf 88' lang='grc' dir='ltr'><strong><em>ΓΔ</em></strong></span> <span class='ocrx_word' id='word_1_148' title='bbox 616 2023 636 2106; x_wconf 83' lang='grc' dir='ltr'><em>ἡ</em></span> <span class='ocrx_word' id='word_1_149' title='bbox 659 2029 734 2089; x_wconf 85' lang='grc' dir='ltr'><strong><em>ΑΒ.</em></strong></span> 
     </span>
     <span class='ocr_line' id='line_1_18' title="bbox 271 2129 1211 2216; baseline -0.003 -21"><span class='ocrx_word' id='word_1_150' title='bbox 271 2130 291 2214; x_wconf 82' lang='grc' dir='ltr'><strong><em>η</em></strong></span> <span class='ocrx_word' id='word_1_151' title='bbox 320 2132 361 2214; x_wconf 83' lang='grc' dir='ltr'><strong><em>δη</em></strong></span> <span class='ocrx_word' id='word_1_152' title='bbox 389 2136 458 2195; x_wconf 87' lang='grc' dir='ltr'><strong><em>ΑΕ</em></strong></span> <span class='ocrx_word' id='word_1_153' title='bbox 482 2132 555 2213; x_wconf 72' lang='grc' dir='ltr'><strong><em>ἤτοι</em></strong></span> <span class='ocrx_word' id='word_1_154' title='bbox 583 2129 727 2195; x_wconf 75' lang='grc' dir='ltr'><strong><em>ἐλάττων</em></strong></span> <span class='ocrx_word' id='word_1_155' title='bbox 755 2129 824 2195; x_wconf 78' lang='grc' dir='ltr'><strong><em>ἐστὶ</em></strong></span> <span class='ocrx_word' id='word_1_156' title='bbox 852 2140 910 2215; x_wconf 77' lang='grc' dir='ltr'><strong><em>τῆς</em></strong></span> <span class='ocrx_word' id='word_1_157' title='bbox 937 2129 972 2195; x_wconf 85' lang='grc' dir='ltr'><strong><em>ἐκ</em></strong></span> <span class='ocrx_word' id='word_1_158' title='bbox 995 2140 1056 2196; x_wconf 85' lang='grc' dir='ltr'><strong><em>τοῦ</em></strong></span> <span class='ocrx_word' id='word_1_159' title='bbox 1079 2130 1211 2216; x_wconf 81' lang='grc' dir='ltr'><strong><em>κέντρου</em></strong></span> 
     </span>
     <span class='ocr_line' id='line_1_19' title="bbox 210 2238 305 2322; baseline 0 -19"><span class='ocrx_word' id='word_1_160' title='bbox 210 2238 230 2322; x_wconf 71' lang='grc' dir='ltr'><em>ἢ</em></span> <span class='ocrx_word' id='word_1_161' title='bbox 256 2239 305 2303; x_wconf 88' lang='grc' dir='ltr'><strong><em>ού.</em></strong></span> 
     </span>
     <span class='ocr_line' id='line_1_20' title="bbox 272 2342 1211 2431; baseline -0.005 -20"><span class='ocrx_word' id='word_1_162' title='bbox 272 2347 354 2411; x_wconf 78' lang='grc' dir='ltr'><strong><em>ἔστω</em></strong></span> <span class='ocrx_word' id='word_1_163' title='bbox 377 2342 539 2431; x_wconf 78' lang='grc' dir='ltr'><strong><em>πρότερον</em></strong></span> <span class='ocrx_word' id='word_1_164' title='bbox 563 2342 720 2427; x_wconf 79' lang='grc' dir='ltr'><strong><em>ἐλάττων,</em></strong></span> <span class='ocrx_word' id='word_1_165' title='bbox 748 2342 803 2408; x_wconf 76' lang='grc' dir='ltr'><strong><em>καὶ</em></strong></span> <span class='ocrx_word' id='word_1_166' title='bbox 827 2343 882 2408; x_wconf 81' lang='grc' dir='ltr'><strong><em>διὰ</em></strong></span> <span class='ocrx_word' id='word_1_167' title='bbox 907 2352 967 2408; x_wconf 85' lang='grc' dir='ltr'><strong><em>τοῦ</em></strong></span> <span class='ocrx_word' id='word_1_168' title='bbox 991 2350 1024 2408; x_wconf 88' lang='grc' dir='ltr'><em>Α</em></span> <span class='ocrx_word' id='word_1_169' title='bbox 1046 2347 1134 2430; x_wconf 82' lang='grc' dir='ltr'><strong><em>παρὰ</em></strong></span> <span class='ocrx_word' id='word_1_170' title='bbox 1156 2345 1211 2426; x_wconf 83' lang='grc' dir='ltr'><strong><em>την</em></strong></span> 
     </span>
     <span class='ocr_line' id='line_1_21' title="bbox 152 2447 1210 2537; baseline -0.003 -20"><span class='ocrx_word' id='word_1_171' title='bbox 152 2469 186 2517; x_wconf 77' lang='lat'><strong><em>20</em></strong></span> <span class='ocrx_word' id='word_1_172' title='bbox 207 2458 270 2519; x_wconf 87' lang='grc' dir='ltr'><strong><em>ΓΔ</em></strong></span> <span class='ocrx_word' id='word_1_173' title='bbox 292 2455 387 2537; x_wconf 76' lang='grc' dir='ltr'><strong><em>ἤχθω</em></strong></span> <span class='ocrx_word' id='word_1_174' title='bbox 411 2451 526 2535; x_wconf 81' lang='grc' dir='ltr'><strong><em>ηΑΖ,</em></strong></span> <span class='ocrx_word' id='word_1_175' title='bbox 551 2451 606 2515; x_wconf 86' lang='grc' dir='ltr'><strong><em>διδι</em></strong></span> <span class='ocrx_word' id='word_1_176' title='bbox 630 2447 667 2514; x_wconf 70' lang='grc' dir='ltr'><strong><em>δὲ</em></strong></span> <span class='ocrx_word' id='word_1_177' title='bbox 689 2458 748 2515; x_wconf 87' lang='grc' dir='ltr'><strong><em>τοῦ</em></strong></span> <span class='ocrx_word' id='word_1_178' title='bbox 768 2455 796 2513; x_wconf 97' lang='grc' dir='ltr'>Β</span> <span class='ocrx_word' id='word_1_179' title='bbox 820 2450 909 2537; x_wconf 80' lang='grc' dir='ltr'><strong><em>παρὰ</em></strong></span> <span class='ocrx_word' id='word_1_180' title='bbox 932 2452 993 2534; x_wconf 82' lang='grc' dir='ltr'><strong><em>την</em></strong></span> <span class='ocrx_word' id='word_1_181' title='bbox 1016 2457 1085 2516; x_wconf 86' lang='grc' dir='ltr'><strong><em>ΑΒ</em></strong></span> <span class='ocrx_word' id='word_1_182' title='bbox 1105 2452 1125 2536; x_wconf 79' lang='grc' dir='ltr'>ἡ</span> <span class='ocrx_word' id='word_1_183' title='bbox 1144 2455 1210 2527; x_wconf 84' lang='grc' dir='ltr'><strong><em>ΒΖ,</em></strong></span> 
     </span>
     <span class='ocr_line' id='line_1_22' title="bbox 205 2553 1267 2643; baseline -0.004 -18"><span class='ocrx_word' id='word_1_184' title='bbox 205 2558 260 2625; x_wconf 84' lang='grc' dir='ltr'><strong><em>καὶ</em></strong></span> <span class='ocrx_word' id='word_1_185' title='bbox 288 2561 437 2642; x_wconf 83' lang='grc' dir='ltr'><strong><em>σνστητω</em></strong></span> <span class='ocrx_word' id='word_1_186' title='bbox 469 2557 490 2641; x_wconf 80' lang='grc' dir='ltr'><em>ἡ</em></span> <span class='ocrx_word' id='word_1_187' title='bbox 517 2558 582 2623; x_wconf 83' lang='grc' dir='ltr'><strong><em>ὑπὸ</em></strong></span> <span class='ocrx_word' id='word_1_188' title='bbox 611 2561 720 2622; x_wconf 92' lang='grc' dir='ltr'><strong><em>ΒΖΗ</em></strong></span> <span class='ocrx_word' id='word_1_189' title='bbox 742 2558 786 2641; x_wconf 82' lang='grc' dir='ltr'><strong><em>μη</em></strong></span> <span class='ocrx_word' id='word_1_190' title='bbox 813 2560 931 2641; x_wconf 81' lang='grc' dir='ltr'><strong><em>μείζων</em></strong></span> <span class='ocrx_word' id='word_1_191' title='bbox 959 2553 1042 2623; x_wconf 85' lang='grc' dir='ltr'><strong><em>ούσιι</em></strong></span> <span class='ocrx_word' id='word_1_192' title='bbox 1069 2567 1127 2643; x_wconf 81' lang='grc' dir='ltr'><strong><em>της</em></strong></span> <span class='ocrx_word' id='word_1_193' title='bbox 1151 2557 1210 2622; x_wconf 84' lang='grc' dir='ltr'><strong><em>ὑπὸ</em></strong></span> <span class='ocrx_word' id='word_1_194' title='bbox 1266 2633 1267 2636; x_wconf 10' lang='lat'>¹</span> 
     </span>
     <span class='ocr_line' id='line_1_23' title="bbox 207 2662 1209 2750; baseline -0.004 -20"><span class='ocrx_word' id='word_1_195' title='bbox 207 2671 320 2749; x_wconf 84' lang='grc' dir='ltr'>ΖΑΒ,</span> <span class='ocrx_word' id='word_1_196' title='bbox 352 2662 407 2728; x_wconf 81' lang='grc' dir='ltr'><strong><em>καλ</em></strong></span> <span class='ocrx_word' id='word_1_197' title='bbox 440 2664 623 2748; x_wconf 74' lang='grc' dir='ltr'><strong><em>ἐπεζεύχθω</em></strong></span> <span class='ocrx_word' id='word_1_198' title='bbox 660 2663 680 2747; x_wconf 79' lang='grc' dir='ltr'><strong><em>η</em></strong></span> <span class='ocrx_word' id='word_1_199' title='bbox 718 2668 797 2729; x_wconf 89' lang='lat' dir='ltr'><strong><em>HA.</em></strong></span> <span class='ocrx_word' id='word_1_200' title='bbox 852 2662 952 2730; x_wconf 79' lang='grc' dir='ltr'><strong><em>πάλιν</em></strong></span> <span class='ocrx_word' id='word_1_201' title='bbox 989 2665 1054 2750; x_wconf 75' lang='grc' dir='ltr'><strong><em>ἄρα</em></strong></span> <span class='ocrx_word' id='word_1_202' title='bbox 1092 2665 1146 2729; x_wconf 84' lang='grc' dir='ltr'><strong><em>διδ</em></strong></span> <span class='ocrx_word' id='word_1_203' title='bbox 1175 2665 1209 2727; x_wconf 80' lang='grc' dir='ltr'><strong><em>τὰ</em></strong></span> 
     </span>
     <span class='ocr_line' id='line_1_24' title="bbox 206 2769 1266 2855; baseline -0.003 -19"><span class='ocrx_word' id='word_1_204' title='bbox 206 2769 381 2855; x_wconf 82' lang='grc' dir='ltr'><strong><em>δειχθέντα</em></strong></span> <span class='ocrx_word' id='word_1_205' title='bbox 409 2769 429 2852; x_wconf 79' lang='grc' dir='ltr'><strong><em>η</em></strong></span> <span class='ocrx_word' id='word_1_206' title='bbox 455 2775 527 2835; x_wconf 92' lang='grc' dir='ltr'><strong><em>ΖΗ</em></strong></span> <span class='ocrx_word' id='word_1_207' title='bbox 549 2771 632 2855; x_wconf 78' lang='grc' dir='ltr'><strong><em>πρὸς</em></strong></span> <span class='ocrx_word' id='word_1_208' title='bbox 656 2775 717 2836; x_wconf 95' lang='grc' dir='ltr'><strong><em>ΖΒ</em></strong></span> <span class='ocrx_word' id='word_1_209' title='bbox 744 2769 901 2837; x_wconf 79' lang='grc' dir='ltr'><strong><em>ἐλάττονα</em></strong></span> <span class='ocrx_word' id='word_1_210' title='bbox 924 2769 1025 2854; x_wconf 83' lang='grc' dir='ltr'><strong><em>λόγον</em></strong></span> <span class='ocrx_word' id='word_1_211' title='bbox 1048 2773 1113 2855; x_wconf 77' lang='grc' dir='ltr'><strong><em>ἔχει</em></strong></span> <span class='ocrx_word' id='word_1_212' title='bbox 1136 2772 1223 2854; x_wconf 73' lang='grc' dir='ltr'><strong><em>ἥπερΙ</em></strong></span> <span class='ocrx_word' id='word_1_213' title='bbox 1265 2819 1266 2822; x_wconf 20' lang='lat'>¹</span> 
     </span>
     <span class='ocr_line' id='line_1_25' title="bbox 205 2872 1211 2964; baseline 0 -23"><span class='ocrx_word' id='word_1_214' title='bbox 205 2877 225 2961; x_wconf 82' lang='grc' dir='ltr'><em>ἡ</em></span> <span class='ocrx_word' id='word_1_215' title='bbox 251 2882 321 2942; x_wconf 85' lang='grc' dir='ltr'><strong><em>ΗΑ</em></strong></span> <span class='ocrx_word' id='word_1_216' title='bbox 347 2877 431 2964; x_wconf 77' lang='grc' dir='ltr'><strong><em>πρὸς</em></strong></span> <span class='ocrx_word' id='word_1_217' title='bbox 458 2881 533 2942; x_wconf 85' lang='grc' dir='ltr'><strong><em>ΑΒ.</em></strong></span> <span class='ocrx_word' id='word_1_218' title='bbox 584 2875 653 2942; x_wconf 77' lang='grc' dir='ltr'><strong><em>ἐπεὶ</em></strong></span> <span class='ocrx_word' id='word_1_219' title='bbox 681 2873 743 2944; x_wconf 88' lang='grc' dir='ltr'><strong><em>οὖν</em></strong></span> <span class='ocrx_word' id='word_1_220' title='bbox 770 2877 790 2961; x_wconf 81' lang='grc' dir='ltr'><em>ἡ</em></span> <span class='ocrx_word' id='word_1_221' title='bbox 816 2881 877 2942; x_wconf 91' lang='grc' dir='ltr'><strong><em>ΖΒ</em></strong></span> <span class='ocrx_word' id='word_1_222' title='bbox 902 2883 955 2960; x_wconf 77' lang='grc' dir='ltr'><strong><em>ἴση</em></strong></span> <span class='ocrx_word' id='word_1_223' title='bbox 979 2872 1063 2942; x_wconf 81' lang='grc' dir='ltr'><strong><em>οὖσα</em></strong></span> <span class='ocrx_word' id='word_1_224' title='bbox 1091 2887 1129 2964; x_wconf 76' lang='grc' dir='ltr'><strong><em>τῇ</em></strong></span> <span class='ocrx_word' id='word_1_225' title='bbox 1154 2880 1211 2942; x_wconf 86' lang='grc' dir='ltr'><strong><em>ΑΕ</em></strong></span> 
     </span>
     <span class='ocr_line' id='line_1_26' title="bbox 152 2980 1210 3072; baseline -0.001 -25"><span class='ocrx_word' id='word_1_226' title='bbox 152 2999 186 3048; x_wconf 80' lang='lat'><strong><em>25</em></strong></span> <span class='ocrx_word' id='word_1_227' title='bbox 205 2983 350 3051; x_wconf 81' lang='grc' dir='ltr'><strong><em>ἐλάττων</em></strong></span> <span class='ocrx_word' id='word_1_228' title='bbox 382 2983 451 3050; x_wconf 75' lang='grc' dir='ltr'><strong><em>ἐστὶ</em></strong></span> <span class='ocrx_word' id='word_1_229' title='bbox 478 2992 535 3068; x_wconf 80' lang='grc' dir='ltr'><strong><em>τῆς</em></strong></span> <span class='ocrx_word' id='word_1_230' title='bbox 563 2984 598 3050; x_wconf 78' lang='grc' dir='ltr'><strong><em>ἐκ</em></strong></span> <span class='ocrx_word' id='word_1_231' title='bbox 626 2993 685 3049; x_wconf 84' lang='grc' dir='ltr'><strong><em>τοῦ</em></strong></span> <span class='ocrx_word' id='word_1_232' title='bbox 713 2982 866 3072; x_wconf 77' lang='grc' dir='ltr'><strong><em>κέντρου,</em></strong></span> <span class='ocrx_word' id='word_1_233' title='bbox 889 2988 1009 3069; x_wconf 82' lang='grc' dir='ltr'><strong><em>μείζων</em></strong></span> <span class='ocrx_word' id='word_1_234' title='bbox 1036 2980 1074 3049; x_wconf 70' lang='grc' dir='ltr'><strong><em>δὲ</em></strong></span> <span class='ocrx_word' id='word_1_235' title='bbox 1100 2984 1121 3068; x_wconf 80' lang='grc' dir='ltr'><em>ἡ</em></span> <span class='ocrx_word' id='word_1_236' title='bbox 1149 2985 1210 3048; x_wconf 88' lang='grc' dir='ltr'><strong><em>ΖΗ</em></strong></span> 
     </span>
     <span class='ocr_line' id='line_1_27' title="bbox 205 3089 1208 3177; baseline -0.003 -19"><span class='ocrx_word' id='word_1_237' title='bbox 205 3102 263 3177; x_wconf 78' lang='grc' dir='ltr'><strong><em>τῆς</em></strong></span> <span class='ocrx_word' id='word_1_238' title='bbox 287 3097 362 3176; x_wconf 93' lang='grc' dir='ltr'><strong><em>ΖΒ,</em></strong></span> <span class='ocrx_word' id='word_1_239' title='bbox 386 3091 406 3175; x_wconf 81' lang='grc' dir='ltr'><em>ἡ</em></span> <span class='ocrx_word' id='word_1_240' title='bbox 431 3091 495 3177; x_wconf 77' lang='grc' dir='ltr'><strong><em>ἄρα</em></strong></span> <span class='ocrx_word' id='word_1_241' title='bbox 520 3096 592 3156; x_wconf 92' lang='grc' dir='ltr'><strong><em>ΖΗ</em></strong></span> <span class='ocrx_word' id='word_1_242' title='bbox 609 3093 682 3175; x_wconf 74' lang='grc' dir='ltr'><strong><em>ἤτοι</em></strong></span> <span class='ocrx_word' id='word_1_243' title='bbox 705 3095 823 3176; x_wconf 81' lang='grc' dir='ltr'><strong><em>μείζων</em></strong></span> <span class='ocrx_word' id='word_1_244' title='bbox 846 3090 914 3157; x_wconf 78' lang='grc' dir='ltr'><strong><em>ἐστὶ</em></strong></span> <span class='ocrx_word' id='word_1_245' title='bbox 937 3100 995 3175; x_wconf 76' lang='grc' dir='ltr'><strong><em>τῆς</em></strong></span> <span class='ocrx_word' id='word_1_246' title='bbox 1014 3090 1049 3156; x_wconf 82' lang='grc' dir='ltr'><strong><em>ἐκ</em></strong></span> <span class='ocrx_word' id='word_1_247' title='bbox 1066 3099 1127 3156; x_wconf 90' lang='grc' dir='ltr'><strong><em>τοῦ</em></strong></span> <span class='ocrx_word' id='word_1_248' title='bbox 1145 3089 1208 3155; x_wconf 81' lang='grc' dir='ltr'><strong><em>κέν-</em></strong></span> 
     </span>
     <span class='ocr_line' id='line_1_28' title="bbox 205 3197 628 3285; baseline -0.005 -21"><span class='ocrx_word' id='word_1_249' title='bbox 205 3223 286 3285; x_wconf 79' lang='grc' dir='ltr'><strong><em>τρου</em></strong></span> <span class='ocrx_word' id='word_1_250' title='bbox 309 3198 329 3282; x_wconf 72' lang='grc' dir='ltr'>ἢ</span> <span class='ocrx_word' id='word_1_251' title='bbox 354 3199 497 3264; x_wconf 78' lang='grc' dir='ltr'><strong><em>ἐλάττων</em></strong></span> <span class='ocrx_word' id='word_1_252' title='bbox 521 3197 541 3281; x_wconf 74' lang='grc' dir='ltr'><strong><em>ἢ</em></strong></span> <span class='ocrx_word' id='word_1_253' title='bbox 566 3204 628 3281; x_wconf 83' lang='grc' dir='ltr'><strong><em>ἴση.</em></strong></span> 
     </span>
    </p>
   </div>
   <div class='ocr_carea' id='block_1_4' title="bbox 206 3385 1207 3604">
    <p class='ocr_par' dir='ltr' id='par_1_6' title="bbox 206 3385 1207 3604">
     <span class='ocr_line' id='line_1_29' title="bbox 276 3385 1207 3463; baseline 0 -20"><span class='ocrx_word' id='word_1_254' title='bbox 276 3390 511 3461; x_wconf 52' lang='grc' dir='ltr'><strong><em>σκιηκιιρ,</em></strong></span> <span class='ocrx_word' id='word_1_255' title='bbox 597 3395 620 3445; x_wconf 85' lang='grc' dir='ltr'><strong><em>ι.</em></strong></span> <span class='ocrx_word' id='word_1_256' title='bbox 641 3389 788 3447; x_wconf 71' lang='grc' dir='ltr'><strong><em>εει-ι.</em></strong></span> <span class='ocrx_word' id='word_1_257' title='bbox 808 3392 874 3463; x_wconf 78' lang='grc' dir='ltr'><strong><em>ιιι]</em></strong></span> <span class='ocrx_word' id='word_1_258' title='bbox 894 3407 947 3445; x_wconf 87' lang='lat' dir='ltr'><strong><em>om.</em></strong></span> <span class='ocrx_word' id='word_1_259' title='bbox 967 3409 993 3460; x_wconf 89' lang='lat' dir='ltr'><strong><em>p.</em></strong></span> <span class='ocrx_word' id='word_1_260' title='bbox 1082 3385 1207 3463; x_wconf 71' lang='grc' dir='ltr'><strong><em>ωιηιέ</em></strong></span> 
     </span>
     <span class='ocr_line' id='line_1_30' title="bbox 206 3460 1205 3533; baseline 0.004 -21"><span class='ocrx_word' id='word_1_261' title='bbox 206 3460 315 3528; x_wconf 80' lang='lat' dir='ltr'>Halley.</span> <span class='ocrx_word' id='word_1_262' title='bbox 371 3466 412 3515; x_wconf 87' lang='lat'><strong><em>10.</em></strong></span> <span class='ocrx_word' id='word_1_263' title='bbox 433 3460 501 3532; x_wconf 81' lang='grc' dir='ltr'><strong><em>ἐστι]</em></strong></span> <span class='ocrx_word' id='word_1_264' title='bbox 516 3478 569 3516; x_wconf 91' lang='lat' dir='ltr'><strong><em>om.</em></strong></span> <span class='ocrx_word' id='word_1_265' title='bbox 584 3479 610 3529; x_wconf 89' lang='lat' dir='ltr'><strong><em>p.</em></strong></span> <span class='ocrx_word' id='word_1_266' title='bbox 668 3467 709 3516; x_wconf 90' lang='lat'><strong><em>11.</em></strong></span> <span class='ocrx_word' id='word_1_267' title='bbox 729 3461 798 3533; x_wconf 81' lang='grc' dir='ltr'><strong><em>ύροι]</em></strong></span> <span class='ocrx_word' id='word_1_268' title='bbox 818 3462 874 3530; x_wconf 81' lang='grc' dir='ltr'><strong><em>ἄρα</em></strong></span> <span class='ocrx_word' id='word_1_269' title='bbox 888 3461 1002 3518; x_wconf 76' lang='grc' dir='ltr'><strong><em>πάντων</em></strong></span> <span class='ocrx_word' id='word_1_270' title='bbox 1020 3480 1047 3531; x_wconf 88' lang='lat' dir='ltr'><strong><em>p.</em></strong></span> <span class='ocrx_word' id='word_1_271' title='bbox 1101 3469 1140 3518; x_wconf 83' lang='lat'><strong><em>13.</em></strong></span> <span class='ocrx_word' id='word_1_272' title='bbox 1154 3461 1205 3532; x_wconf 73' lang='grc' dir='ltr'><strong><em>μχΊ</em></strong></span> 
     </span>
     <span class='ocr_line' id='line_1_31' title="bbox 209 3529 1205 3604; baseline 0.006 -24"><span class='ocrx_word' id='word_1_273' title='bbox 209 3544 260 3581; x_wconf 87' lang='lat' dir='ltr'><strong><em>om.</em></strong></span> <span class='ocrx_word' id='word_1_274' title='bbox 272 3529 325 3598; x_wconf 84' lang='lat' dir='ltr'><strong><em>Vc,</em></strong></span> <span class='ocrx_word' id='word_1_275' title='bbox 344 3532 395 3598; x_wconf 78' lang='grc' dir='ltr'><strong><em>μα’</em></strong></span> <span class='ocrx_word' id='word_1_276' title='bbox 411 3550 429 3600; x_wconf 87' lang='lat' dir='ltr'>p</span> <span class='ocrx_word' id='word_1_277' title='bbox 449 3533 478 3585; x_wconf 78' lang='grc' dir='ltr'><strong><em>ολ</em></strong></span> <span class='ocrx_word' id='word_1_278' title='bbox 495 3549 551 3599; x_wconf 82' lang='lat' dir='ltr'><strong><em>mg.</em></strong></span> <span class='ocrx_word' id='word_1_279' title='bbox 565 3549 601 3586; x_wconf 90' lang='lat' dir='ltr'><strong><em>m.</em></strong></span> <span class='ocrx_word' id='word_1_280' title='bbox 616 3549 670 3587; x_wconf 84' lang='lat' dir='ltr'><strong>rec.</strong></span> <span class='ocrx_word' id='word_1_281' title='bbox 684 3533 722 3600; x_wconf 81' lang='lat' dir='ltr'><strong><em>V3</em></strong></span> <span class='ocrx_word' id='word_1_282' title='bbox 742 3535 772 3587; x_wconf 72' lang='lat' dir='ltr'><strong><em>et</em></strong></span> <span class='ocrx_word' id='word_1_283' title='bbox 790 3532 830 3587; x_wconf 81' lang='lat' dir='ltr'><strong><em>sic</em></strong></span> <span class='ocrx_word' id='word_1_284' title='bbox 850 3533 989 3603; x_wconf 83' lang='lat' dir='ltr'>deinceps,</span> <span class='ocrx_word' id='word_1_285' title='bbox 1051 3540 1092 3588; x_wconf 83' lang='lat'><strong><em>16.</em></strong></span> <span class='ocrx_word' id='word_1_286' title='bbox 1115 3534 1205 3604; x_wconf 86' lang='grc' dir='ltr'><strong><em>ΓΔ]Δ</em></strong></span> 
     </span>
    </p>
   </div>
   <div class='ocr_carea' id='block_1_5' title="bbox 1258 3795 1261 3892">
    <p class='ocr_par' dir='ltr' id='par_1_7' title="bbox 1258 3795 1261 3892">
     <span class='ocr_line' id='line_1_32' title="bbox 1258 3795 1261 3892; baseline 0 0"><span class='ocrx_word' id='word_1_287' title='bbox 1258 3795 1261 3892; x_wconf 79' lang='grc' dir='ltr'><strong><em>λ</em></strong></span> 
     </span>
    </p>
   </div>
   <div class='ocr_carea' id='block_1_6' title="bbox 0 0 1300 3932">
    <p class='ocr_par' dir='ltr' id='par_1_8' title="bbox 0 0 1300 3932">
     <span class='ocr_line' id='line_1_33' title="bbox 0 0 1300 3932; baseline 0 1"><span class='ocrx_word' id='word_1_288' title='bbox 0 0 1300 3932; x_wconf 95' lang='lat' dir='ltr'><strong><em> </em></strong></span> 
     </span>
    </p>
   </div>
  </div>
 </body>
</html>
