2488 3938
337 216 387 266 DE
406 215 582 268 sncrloun
601 216 780 269 GYLINDRI.
1020 216 1064 280 97

55 359 159 444 ellipsi
183 365 250 425 tres
275 359 396 424 similes
420 358 641 438 inueniantur3
666 361 795 443 oportet
814 362 931 445 autem,
954 361 1064 426 datam

55 466 194 551 ellipsim
230 488 335 550 neque
372 465 568 530 contrariam
605 488 674 530 esse
707 463 797 552 (huic
829 465 915 530 enim
947 467 1062 532 similis

53 572 141 638 nulla
162 572 364 638 construitur
381 576 510 656 praeter
527 569 725 658 parallelas),
746 593 850 656 neque
869 571 1062 639 diametrum

54 678 120 770 eius
164 684 272 745 rectae
312 701 371 762 per
406 684 438 744 Ε
477 683 510 742 et
546 685 578 742 A
617 679 653 742 in
693 679 798 764 figura
839 679 912 743 coni
948 673 1063 745 ductae

53 787 243 867 parallelam
266 807 351 865 esse3
373 808 450 850 nam
467 785 547 850 haec
566 806 693 869 quoque
713 785 886 871 singularis
906 789 964 872 est,
987 786 1064 870 quia

54 897 141 958 recta
164 916 223 978 per
240 898 272 958 Ε
293 897 398 958 rectae
418 897 487 956 ΑΛ
508 890 664 976 parallela
682 893 779 956 ducta
797 895 888 957 extra
906 891 1063 957 circulum

55 998 153 1084 cadit,
181 999 300 1084 quippe
328 1021 409 1083 quae
439 1020 512 1062 eum
543 997 723 1084 contingat,
751 1020 811 1063 nec
832 1002 990 1083 punctum
1012 1004 1063 1064 est

56 1125 127 1170 cum
151 1111 183 1171 Ε
205 1105 415 1191 coniugatum
437 1108 474 1168 ut
499 1109 527 1169 0
550 1127 623 1169 cum
646 1103 749 1178 Euel
771 1109 811 1168 H
829 1127 902 1170 oum
927 1110 962 1170 Z.

479 1292 637 1299 -——-

122 1424 171 1489 De
198 1424 400 1510 problemate
426 1423 530 1509 igitur
549 1423 651 1488 nobis
678 1423 847 1507 proposito
875 1447 892 1489 e
914 1425 1062 1509 pluribus

59 1529 121 1596 iam
145 1555 183 1597 ea
208 1531 380 1615 sufficiant,
407 1551 488 1614 quae
512 1529 659 1614 diximus,
683 1533 811 1612 tempus
836 1534 944 1595 autem
965 1531 1064 1596 fuerit

62 1638 99 1700 ad
124 1639 157 1703 id
184 1637 381 1723 transgredi,
409 1637 495 1720 quod
521 1659 624 1721 nuper
647 1636 692 1720 [p.
711 1636 763 1720 58,
784 1636 842 1720 25]
866 1635 1062 1722 significaui;

61 1741 146 1810 locus
175 1765 254 1809 uero
281 1743 362 1808 mihi
392 1743 433 1808 ad
459 1743 542 1808 hanc
569 1742 830 1828 disquisitionem
863 1742 1062 1828 digrediendi

61 1871 124 1915 non
142 1852 287 1937 ineptus,
310 1855 361 1915 est
384 1854 493 1916 autem
514 1850 576 1915 hio.

123 1958 219 2022 Pitho
252 1961 419 2043 geometra
449 1956 485 2020 in
517 1978 612 2040 opere
640 1957 780 2040 quodam
808 1978 866 2021 suo
893 1956 1063 2041 parallelas

64 2065 220 2148 explicans
243 2064 293 2149 iis,
317 2086 398 2148 quae
420 2062 571 2128 Euclides
595 2061 686 2148 dixit,
706 2084 774 2127 non
794 2067 964 2129 contentus
984 2068 1063 2150 erat,

65 2169 115 2233 sed
135 2193 191 2254 per
215 2169 396 2253 exemplum
415 2191 468 2234 eas
486 2168 638 2234 subtilius
659 2168 848 2248 declarauit3
871 2169 949 2234 dicit
968 2171 1063 2256 enim,

62 2277 224 2358 parallelas
261 2280 367 2341 rectas
404 2297 473 2340 esse
509 2275 573 2340 tale
611 2275 744 2360 aliquid,
782 2276 892 2360 quales
928 2277 1061 2342 umbras

64 2383 280 2449 columnarum
305 2383 340 2445 in
362 2382 462 2447 muris
486 2381 538 2446 uel
561 2383 595 2446 in
619 2382 689 2447 solo
712 2382 798 2447 effici
821 2383 968 2447 uidemus
992 2382 1062 2447 face

65 2490 112 2553 uel
135 2490 256 2555 lumine
285 2511 301 2553 c
329 2493 421 2573 parte
449 2489 599 2574 opposita
623 2489 762 2553 ardente.
807 2488 886 2553 haec
908 2487 1063 2553 irridendi

64 2597 121 2660 etsi
156 2596 305 2662 omnibus
343 2595 545 2661 occasionem
579 2596 714 2680 praebet
744 2594 930 2679 plurimam,
965 2595 1061 2661 nobis

64 2707 142 2768 certe
155 2703 352 2768 irridendum
365 2724 432 2766 non
446 2707 495 2766 est
507 2707 641 2787 propter
652 2701 868 2766 reuerentiam
879 2701 1061 2785 scriptoris3

63 2805 153 2874 homo
190 2810 276 2876 enim
312 2809 442 2874 amicus.
498 2809 553 2874 sed
584 2808 771 2894 uidendum,
807 2810 966 2893 quomodo
999 2809 1062 2874 hoc

65 2915 281 2981 mathematice
310 2938 343 2980 se
370 2916 497 2981 habeat.
543 2919 575 2980 et
603 2915 748 2999 quaestio
780 2919 829 2980 est
858 2916 898 2980 ab
925 2916 966 2980 iis
993 2937 1061 2980 non

64 3018 167 3106 ahana,
181 3042 263 3105 quae
277 3021 330 3086 hic
343 3021 521 3105 praemissa
535 3025 624 3100 sunt3
638 3043 713 3085 nam
728 3021 813 3104 quod
822 3021 1060 3105 proposuimus,

65 3147 115 3208 per
135 3149 171 3192 ea
195 3127 478 3192 demonstrabitur.

66 3433 135 3482 rouro
152 3446 179 3498 p.
270 3432 311 3480 21.
331 3428 459 3482 πλεῖστον
489 3427 695 3492 πλεῖίπλεῑστον
714 3425 746 3480 V.
823 3424 901 3494 ἡμῖν]
920 3431 995 3492 vop,
1019 3433 1062 3478 -ἴν

66 3509 133 3552 enan.
152 3498 184 3554 V.
241 3503 282 3552 22.
303 3497 386 3569 ἀνήρ’]
405 3429 477 3566 dordr>
496 3497 529 3566 V,
548 3497 563 3552 ὁ
582 3497 654 3564 ἀνήρ
674 3514 695 3550 c.
752 3499 793 3551 Εὖ.
812 3495 1061 3566 ἀποδειχθήσεται]

67 3581 129 3638 rep,
148 3569 223 3638 -ήσε-
242 3585 258 3622 e
277 3585 345 3622 corr.
366 3573 410 3639 (ex
428 3571 484 3638 ῆ..)
503 3586 538 3621 m.
560 3574 574 3621 1
594 3568 627 3621 V.

111 3668 231 3710 Serenus
245 3667 448 3718 Anttnocnsis,
463 3667 496 3706 ed.
511 3666 618 3715 Heiberg.
885 3657 899 3704 'l
