2574 3934
168 196 189 258 4
436 199 523 248 ΠΕΡΙ
542 196 757 248 ΚΤΛΙΝΔΡΟΤ
775 195 911 249 ΤΟΜΗΣ.

167 343 226 406 τὸν
262 343 427 423 σκαληνὸν
452 327 696 443 περιλαβόντας
728 337 780 403 ἐπὶ
811 336 913 403 πλέον
948 338 1089 404 ἐκτεῖναι
1122 340 1190 422 τὴν

74 461 76 465 ’
167 451 326 533 θεωρίαν.
373 448 423 512 ὅτι
448 433 601 532 μὲνγὰρ
630 443 690 511 οὐκ
718 444 759 510 ἀν
786 447 943 531 προσοῖτό
971 468 1022 521 τις
1045 442 1190 528 ἑτοίμως

167 556 211 638 μὴ
245 552 319 638 οὐχὶ
351 541 473 620 πάντα
489 544 671 638 κύλινδρον
702 552 809 638 ὀρθὸν
846 546 931 615 εἶναι
963 560 1020 634 της
1052 549 1190 628 ἐννοίας

167 670 265 725 τοῦτο
280 661 556 746 συνεφελκούσης,
567 659 628 724 οὐκ
643 659 752 741 ἀγνοῶ
768 659 952 741 δήπουθεν·
972 657 1011 722 οὐ
1026 658 1092 740 μὴν
1107 657 1186 722 ἀλλ’
1282 690 1283 694 ,

134 767 265 834 ῖὲνεκά
298 792 335 851 γε
369 777 426 852 τῖης
459 770 605 848 θεωρίας
636 767 773 849 ἀμεινον
805 759 894 848 οίμαι
927 762 1189 852 καθολικωτέρφ

169 875 295 962 ὁρισμῷ
323 877 527 960 περιλαβεῖν,
554 870 623 937 ἐπεὶ
645 870 701 936 καὶ
723 873 784 956 τὴν
807 873 912 955 τομὴν
933 871 1042 957 ὀρθοῦ
1065 870 1191 955 μένον-

170 1005 225 1058 τος
260 980 363 1046 αὐτοῦ
392 982 477 1065 μόνη
508 989 546 1064 τῇ
576 987 636 1044 τοῦ
666 977 774 1064 ὀρθοῦ
804 979 914 1042 κώνου
947 977 1088 1055 ἐλλείψει
1121 980 1190 1062 τὴν

169 1085 275 1169 αὐτὴν
294 1081 379 1150 εἶναι
398 1087 609 1170 συμβήσεται,
628 1084 896 1168 καθολικώτερον
910 1080 947 1148 δὲ
960 1082 1190 1161 ὑποτεθέντος

170 1193 230 1278 ὅλη
253 1202 292 1278 τῇ
317 1191 458 1269 ἐλλείψει
480 1188 535 1255 καὶ
559 1191 664 1274 αὐτὴν
688 1187 854 1273 ἐξισάζειν,
878 1189 895 1254 ὃ
920 1191 960 1274 δὴ
984 1187 1039 1253 καὶ
1062 1188 1190 1267 δείξειν

117 1299 187 1364 1οὁ
217 1297 333 1383 παρὼν
360 1300 458 1380 λόγος
485 1296 724 1379 ἐπαγγέλλεται.
770 1295 858 1361 ίτέον
881 1292 944 1362 οὖν
966 1297 1046 1380 ἡμῖν
1069 1295 1122 1361 ἐπὶ
1147 1300 1190 1363 τὸ

170 1407 388 1490 προκείμενον
411 1402 620 1489 ὁρισαμένοις
642 1404 733 1468 τάδε·

238 1510 296 1575 ἐάν
323 1513 492 1594 μενόντων
520 1511 582 1574 δύο
609 1511 741 1575 κύκλων
770 1515 852 1574 ίσων
879 1533 913 1574 τε
940 1507 995 1573 καὶ
1019 1513 1191 1595 παραλλή-

171 1622 240 1682 λων
263 1619 301 1682 αί
325 1616 495 1703 διάμετροι
516 1617 722 1703 παράλληλοι
746 1612 842 1681 οὖσαι
867 1617 922 1680 διά
944 1617 1067 1692 παντὸς
1085 1615 1194 1682 αὐταί

170 1747 204 1789 τε
231 1731 493 1810 περιενεχθεῖσαι
522 1724 558 1789 ἐν
585 1735 655 1798 τοῖς
677 1734 744 1788 τῶν
765 1724 897 1788 κύκλων
920 1720 1085 1798 ἐπιπέδοις
1107 1723 1189 1810 περὶ

120 1843 151 1892 15
172 1828 273 1915 μένον
291 1832 328 1896 τὸ
347 1829 486 1916 κέντρον
503 1827 559 1895 καὶ
578 1839 912 1915 συμπεριενεγκοῦσαι
931 1831 992 1913 τὴν
1005 1830 1045 1894 τά
1058 1827 1188 1914 πέρατα

169 1938 281 2002 αὐτῶν
315 1937 398 2001 κατὰ
429 1939 466 2002 τὸ
497 1937 577 2002 αὐτὸ
607 1934 707 2022 μέρος
737 1935 1016 2018 ἐπιζευγνύουσαν
1045 1936 1187 2001 εὐθεῖαν
1282 1963 1283 1974 ’

169 2047 217 2120 είς
243 2043 342 2108 ταύτὸ
371 2042 472 2108 πάλιν
495 2042 780 2126 ἀποκαταστῶσιν,
808 2042 828 2125 ἡ
852 2056 1015 2129 γραφεῖσα
1037 2043 1102 2108 ὑπὸ
1125 2053 1188 2128 τῆς

170 2149 436 2234 περιενεχθείσης
450 2149 582 2224 εὐθείας
601 2148 775 2233 ἐπιφάνεια
793 2150 989 2234 κυλινδρικη
1008 2149 1185 2234 ἐπιφάνεια

169 2259 347 2339 καλείσθω,
369 2255 442 2338 ἥτις
463 2252 518 2319 καί
542 2253 591 2320 ἐπ’
619 2257 756 2341 ἀπειρον
779 2254 938 2334 αὔξεσθαι
962 2257 1101 2321 δύναται
1124 2266 1186 2341 τῆς

117 2375 151 2424 20
169 2365 365 2448 γραφούσης
392 2361 497 2445 αὐτὴν
525 2361 658 2438 εὐθείας
690 2360 739 2427 ἐπ’
769 2364 906 2448 ἄπειρον
933 2361 1184 2446 ἐκβαλλομένης.

168 2471 346 2555 κύλινδρος
382 2466 419 2534 δέ
454 2470 491 2534 τὸ
528 2470 760 2554 περιεχόμενον
796 2479 902 2554 σχῆμα
938 2469 1003 2535 ὑπό
1039 2493 1074 2533 τε
1114 2481 1184 2534 τῶν

168 2577 389 2661 παραλλήλων
416 2576 547 2640 κύκλων
574 2573 629 2639 καλ
657 2584 714 2658 τῆς
741 2574 860 2660 μεταξὺ
888 2577 999 2641 αὐτῶν
1026 2575 1183 2660 ἀπειλημ-

169 2679 269 2765 μένης
298 2683 512 2768 κυλινδρικης
540 2682 740 2766 ἐπιφανείας.
785 2681 897 2765 βάσεις
926 2679 962 2747 δὲ
985 2690 1045 2746 τοῦ
1067 2687 1182 2748 κυλίν-

170 2788 253 2873 δρου
282 2789 317 2851 οί
341 2788 465 2852 κύκλοι.
511 2785 598 2865 ἀξων
626 2784 662 2852 δὲ
689 2786 709 2871 ἡ
733 2788 789 2853 διὰ
811 2799 878 2853 τῶν
901 2787 1047 2873 κέντρων
1070 2789 1182 2855 αὐτῶν

117 2907 151 2956 25
171 2891 313 2977 ἀγομένη
333 2894 455 2959 εὐθεῖα.
491 2895 617 2981 πλευρά
636 2892 672 2960 δὲ
690 2904 750 2960 τοῦ
769 2895 952 2981 κυλίνδρου
971 2897 1102 2981 γραμμή
1121 2920 1181 2980 τις,

170 3001 242 3083 ἥτις
273 3000 391 3066 εὐθεῖα
418 2998 501 3067 οὖσα
530 2999 585 3066 καὶ
615 3000 668 3067 ε’πλ
697 3011 755 3086 τῆς
784 3003 976 3086 ἐπιφανείας
1005 2999 1089 3068 οὖσα
1119 3011 1180 3068 τοῦ

169 3109 351 3193 κυλίνδρου
383 3119 451 3174 τῶν
481 3108 611 3192 βάσεων
643 3107 838 3194 ἀμφοτέρων
871 3109 1019 3192 ἅπτεται,
1050 3107 1093 3192 ἣν
1125 3113 1184 3174 καί

243 3414 268 3462 2.
288 3408 430 3478 προσοῖτο]
449 3407 554 3476 vac‚
579 3426 603 3461 ει
622 3424 705 3477 supra
724 3423 775 3461 scr.
794 3424 830 3462 m.
850 3423 903 3461 ree.
922 3407 956 3461 V.
1028 3412 1052 3461 3.
1072 3405 1178 3479 πάντα]

172 3498 219 3531 -τα
244 3495 259 3532 ο
282 3496 350 3533 corr.
375 3496 411 3532 m.
432 3484 445 3531 1
470 3478 509 3547 V,
537 3476 622 3534 παντί
644 3496 663 3532 v
686 3493 769 3546 supra
793 3495 843 3532 scr.
864 3499 894 3545 α,
923 3475 1009 3533 πάλιν
1027 3494 1054 3545 ο,
1082 3476 1131 3533 τόν
1150 3497 1177 3549 p.

208 3556 232 3603 8.
253 3547 479 3618 καθολικωτέρον
497 3569 524 3619 p.
582 3555 622 3605 10.
642 3547 729 3621 ἰτέον]
743 3568 782 3602 -τ-
797 3565 812 3602 e
827 3565 894 3603 corr.
909 3566 936 3616 p.
992 3547 1049 3620 ἐπί]
1069 3548 1177 3618 scripsi,
