2592 3932
178 167 245 230 270
488 169 576 220 ΠΕΡΙ
593 167 723 218 mor
741 167 876 219 ΤΟΜΗΣ.

179 313 313 397 μεγίστη
333 309 402 377 ἐστὶ
418 322 485 376 τῶν
499 309 669 397 τεσσάρων
683 310 836 393 εὐθειῶν,
855 307 875 391 ἡ
891 305 927 374 δὲ
941 313 1007 372 ΑΖ
1023 307 1208 392 ἐλαχίστη·

177 418 233 485 καὶ
262 428 365 483 ταῦτα
393 418 455 504 γὰρ
484 417 617 501 ἐδείχθη
647 415 693 499 ιη’
721 414 776 481 καὶ
804 415 856 482 ιθ’
885 417 1084 501 θεωρήματι.
1140 415 1208 480 καὶ

179 525 247 592 ἐπεὶ
270 526 310 590 τὰ
333 525 396 590 ἀπὸ
419 533 478 609 της
499 527 654 608 μεγίστης
675 521 731 586 καὶ
753 531 812 607 τῆς
834 522 1016 606 ἐλαχίστης,
1039 521 1207 587 τουτέστι

178 633 218 697 τὰ
241 632 304 697 ἀπὸ
328 635 408 715 EA,
432 636 511 714 AZ,
540 642 609 705 τοῖς
632 627 695 693 ἀπὸ
721 632 795 712 ΓΑ,
818 635 889 693 ΑΔ
919 635 974 694 ίσα
999 628 1081 712 ἐστί,
1109 646 1206 694 συν-

143 749 159 796 5
178 742 364 825 αμφότερος
386 740 449 823 ἄρα
472 735 492 819 ἡ
515 741 593 819 EA,
617 742 649 800 Α
656 741 683 800 Ζ
709 736 824 829 εὐθεῖα
849 734 1103 820 συναμφοτέρου
1134 746 1207 820 τῆς

180 850 257 930 ΓΑ,
286 852 356 911 ΑΛ
384 844 527 910 ἐλάττων
555 841 624 907 ἐστὶ
648 843 703 906 διὰ
726 843 763 906 τὸ
786 843 850 927 πρὸ
873 843 996 906 τούτου
1019 843 1202 928 θεώρημα.

177 956 451 1039 προσκείσθωσαν
474 951 511 1014 αί
536 954 613 1032 ΕΖ,
643 952 715 1013 ΓΛ·
745 948 803 1030 ὅλη
832 949 896 1033 ἄρα
923 946 945 1030 η
969 953 1070 1013 ΑΕΖ
1097 953 1202 1033 περί-

177 1084 294 1146 μετρος
309 1059 386 1141 ὅλης
399 1066 457 1141 τῆς
471 1061 503 1120 A
509 1059 570 1120 ΓΔ
584 1053 781 1141 περιμέτρου
797 1052 940 1119 ἐλάττων
956 1053 1034 1119 ἐστί.
1070 1058 1201 1139 μείζων

177 1169 241 1253 ἄρα
264 1168 284 1251 ἡ
308 1174 367 1230 τοῦ
390 1166 537 1248 μείζονος
558 1166 759 1248 περίμετρος.

125 1281 158 1329 10
244 1271 311 1337 Καὶ
334 1269 450 1354 γέγονε
473 1272 629 1355 φανερόν,
654 1269 704 1333 ὅτι
727 1268 763 1333 ε’ν
786 1280 855 1345 τοῖς
874 1272 1052 1351 σκαληνοϊς
1069 1267 1199 1344 κώνοις

177 1390 244 1444 τῶν
281 1380 337 1444 διὰ
369 1387 429 1442 τοῦ
462 1375 579 1454 ἄξονος
611 1376 784 1461 τριγώνων
815 1378 950 1460 μεγίστη
982 1370 1044 1458 μὲν
1075 1373 1095 1456 ἡ
1128 1385 1199 1440 τοῦ

177 1489 333 1571 μεγίστου
350 1487 553 1570 περίμετρος,
572 1481 721 1546 τουτέστι
740 1491 800 1547 τοῦ
815 1484 1016 1563 ίσοσκελοῦς,
1035 1478 1197 1565 ἐλαχίστη

178 1590 214 1659 δὲ
233 1594 252 1678 η
271 1602 331 1658 τοῦ
350 1592 533 1675 ἐλαχίστου,
556 1585 706 1653 τουτέστι
729 1596 789 1652 τοῦ
807 1590 890 1674 πρὸς
908 1587 1015 1673 ὀρθὰς
1033 1596 1073 1672 τῇ
1093 1587 1198 1670 βώσει

177 1710 236 1765 τοῦ
246 1702 367 1783 κώνου,
381 1709 448 1763 τῶν
458 1695 489 1760 δ’
502 1698 612 1761 ἄλλων
623 1693 674 1759 ἀεὶ
684 1695 721 1760 τὸ
730 1697 841 1779 μεῖζον
850 1696 982 1778 μείζονα
991 1691 1199 1779 περιμέτρον

125 1814 157 1861 15
177 1809 242 1891 ἐχει
264 1808 346 1891 ἤπερ
370 1805 406 1868 τὸ
430 1806 573 1867 ἔλαττον.

244 1912 355 1977 Πάλιν
368 1911 558 1975 ὑποκείσθω
578 1907 598 1991 ἡ
618 1916 678 1972 τοῦ
693 1910 789 1971 ΓΑΔ
807 1907 974 1992 τριγώνου
992 1909 1194 1992 περίμετρος

175 2021 293 2104 μείζων
321 2012 405 2083 εἶναι
432 2025 491 2099 τῆς
517 2024 577 2080 τοῦ
600 2018 667 2079 EA
674 2019 709 2079 Z.
756 2013 839 2096 λέγω
864 2015 920 2098 δή,
949 2014 998 2078 ὅτι
1022 2014 1059 2077 τὸ
1083 2017 1194 2078 ΑΓΔ

175 2129 339 2211 τρίγωνον
361 2131 421 2187 τοῦ
445 2127 546 2187 ΕΑΖ
569 2123 678 2206 μεῖζόν
701 2120 800 2186 ἐστιν.

242 2229 311 2297 ἐπεὶ
344 2230 365 2314 η
397 2236 429 2294 Α
436 2233 495 2294 ΓΔ
532 2232 725 2314 περίμετρος
760 2235 818 2310 τῆς
850 2231 917 2290 EA
925 2231 951 2291 Z
988 2224 1191 2312 περιμέτρου

123 2349 157 2396 20
175 2343 293 2424 μείζων
316 2337 415 2421 ἐστίν,
439 2342 492 2419 ίση
517 2331 554 2400 δὲ
577 2334 597 2417 ἡ
618 2338 679 2399 ΓΛ
701 2344 741 2419 τῇ
759 2339 837 2416 ΕΖ,
862 2334 959 2417 λοιπὴ
979 2335 1042 2418 ἄρα
1062 2351 1190 2416 συναμ-

175 2450 314 2532 φότερος
350 2446 370 2528 ἡ
408 2447 488 2526 ΓΑ,
519 2447 589 2506 ΑΛ
626 2439 879 2525 συναμφοτέρου
917 2448 975 2524 τῆς
1006 2444 1087 2522 EA,
1120 2444 1189 2503 AZ

174 2556 292 2636 μείζων
316 2551 393 2619 ἐστί.
429 2552 487 2616 καί
508 2548 576 2615 ἐστι
599 2547 639 2612 τὰ
662 2545 725 2611 ἀπὸ
751 2550 820 2630 ΓΑ,
839 2551 909 2610 ΑΔ
932 2558 1002 2623 τοῖς
1024 2545 1088 2610 ἀπὸ
1108 2550 1188 2629 ΕΑ,

174 2663 240 2721 ΑΖ
279 2663 347 2720 ίσα·
392 2668 459 2720 τῶν
495 2658 559 2740 ἄρα
598 2657 676 2736 ΓΑ,
709 2659 793 2737 ΑΔ,
825 2658 908 2736 EA,
940 2658 1006 2717 ΑΖ
1043 2653 1189 2718 εὐθειῶν

174 2766 309 2847 μεγίστη
337 2761 397 2845 μέν
425 2761 514 2827 ἐστιν
542 2761 562 2844 ἡ
586 2765 667 2842 EA,
695 2759 846 2843 ἐλαχίστη
870 2755 907 2823 δὲ
930 2759 950 2842 ἡ
974 2764 1053 2825 AZ·
1081 2769 1188 2824 ταῦτα

121 2880 155 2930 25
174 2869 237 2953 γὰρ
266 2869 393 2932 ἅπαντα
420 2866 656 2952 προδέδεικται.
702 2865 722 2947 ἡ
746 2870 812 2930 EA
843 2868 906 2951 ἄρα
930 2867 1012 2951 πρὸς
1034 2867 1095 2950 τὴν
1119 2871 1187 2930 AZ

173 2977 306 3061 μείζονα
334 2976 434 3056 λόγον
462 2976 526 3056 ἔχει
553 2974 635 3058 ἥπερ
663 2971 777 3055 ἡΛΑ
805 2973 888 3058 πρὸς
911 2975 984 3038 ΑΓ.
1031 2970 1100 3037 ἐπεὶ
1124 2967 1188 3037 οὖν

172 3138 384 3156 „,.—.-..

247 3245 271 3292 2.
292 3234 412 3326 ιη’καί]
431 3237 465 3305 V,
490 3236 520 3291 ἐν
538 3241 576 3308 τῷ
595 3235 728 3304 p,†an'
743 3235 792 3290 καὶ
812 3235 856 3290 A'
877 3235 941 3289 add.
960 3253 1016 3304 mg.
1031 3253 1067 3289 m.
1082 3250 1136 3288 rec.
1151 3235 1185 3289 V.

210 3315 234 3362 3.
255 3306 302 3379 τώ]
320 3327 352 3376 p,
375 3327 406 3361 το
425 3307 458 3361 V.
544 3306 769 3378 4.AZ]0m.V.
851 3312 875 3360 5.
897 3306 1183 3378 EA,AZ]EAZ'p.

210 3384 235 3432 6.
258 3379 395 3448 ΓΑ,ΑΔ]
416 3381 497 3431 ΓΑΔ
514 3395 540 3446 p.
615 3383 639 3430 7.
658 3377 688 3447 ἡ]
706 3394 733 3445 p,
756 3392 809 3432 om.
824 3377 857 3431 V.
930 3382 954 3432 8.
975 3375 1119 3448 ὅλης]τμ,
1139 3397 1186 3445 -ης

175 3463 262 3514 supra
280 3446 410 3500 lacunam
429 3447 543 3502 chartae
561 3465 596 3500 m.
618 3453 631 3500 1
652 3447 685 3500 V.
755 3452 795 3502 11.
816 3444 878 3519 μέν]
897 3445 948 3517 μέν
967 3447 1040 3502 ἐστιν
1058 3465 1085 3517 p.
1143 3454 1184 3502 13.

175 3516 319 3588 -ου(ε1λ.)]
337 3535 365 3585 p,
383 3525 416 3587 τη
434 3516 490 3572 Vv.
564 3522 604 3570 17.
623 3517 692 3571 Post
709 3525 758 3586 της
777 3517 840 3573 add.
860 3525 878 3588 †
896 3537 931 3575 m.
951 3534 1004 3572 rec.
1023 3518 1057 3587 V,
1078 3517 1109 3571 in
1127 3535 1182 3587 mg.
