2592 3932
195 205 261 268 262
510 208 596 258 ΠΕΡΙ
614 207 741 260 Κωαοτ
759 209 896 261 woman.

196 355 251 431 ἴση
279 350 299 432 K
327 348 387 433 μὲν
414 354 490 415 ΒΗ
513 359 552 435 τῇ
579 354 654 435 ΒΓ,
682 350 701 434 K
730 348 767 416 δὲ
789 356 855 416 ΕΘ
882 361 921 437 τῇ
944 355 1023 435 ΕΖ,
1053 350 1108 416 καὶ
1136 351 1197 416 ἐτε-

197 457 388 540 ζεύχθωσαν
411 457 448 521 αί
464 460 549 540 ΑΗ,
568 462 602 521 Δ
609 461 647 541 Θ,
670 456 725 521 καῖ
748 457 930 544 γεγράφθω
948 457 1024 544 περὶ
1042 459 1079 523 τὸ
1099 463 1201 523 ΑΒΗ

196 562 406 649 ὀρθογώνιον
434 562 637 647 ἡμικύκλιον.
683 562 753 629 ἐπεὶ
781 559 843 630 ούν
870 564 910 628 τά
933 563 997 629 ἀπὸ
1021 571 1054 629 Α
1061 570 1103 650 Β,
1131 569 1197 650 ΒΓ,

195 667 344 734 τουτέστι
377 671 417 735 τὰ
444 669 508 734 ἀπὸ
537 675 617 754 ΑΒ,
646 674 730 754 ΒΗ,
757 681 827 747 τοῖς
855 670 918 735 ἀπὸ
948 675 1030 755 ΛΕ,
1059 677 1124 737 ΕΘ
1150 679 1197 736 ἴσα

161 794 177 842 5
197 775 276 859 ἐστί,
299 774 354 841 καὶ
377 777 413 841 τὸ
438 776 501 841 ἀπὸ
519 780 598 841 ΑΗ
616 778 680 862 ἄρα
698 787 743 865 τῷ
762 776 826 842 ἀπὸ
845 782 914 842 ΔΘ
934 777 1025 843 ἐστιν
1045 783 1127 862 ἴσον,
1149 776 1198 842 καὶ

196 881 216 965 K
236 886 313 946 AH
330 893 370 968 τῇ
389 888 465 948 ΑΘ.
502 881 557 948 καὶ
581 882 649 948 ε’τιεῖ
672 883 777 966 ἡΕΘ
799 892 857 968 της
876 888 951 949 ΒΗ
968 888 1088 969 μείζων
1106 885 1197 968 ἐστίν,

195 988 215 1072 K
244 969 375 1076 KQoesvK
399 995 465 1055 ΕΘ
492 997 545 1074 ἴση
574 989 814 1077 ε’ναρμοζομένη
843 1001 888 1079 τῷ
912 991 1095 1079 ἡμικυκλίῳ
1117 1001 1200 1075 τεμεῖ

195 1097 256 1180 τὴν
284 1097 350 1162 ὑπὸ
374 1101 480 1161 ΒΗΑ
502 1099 636 1179 γωνίαν.
684 1097 880 1183 ἐνηρμόσθω
904 1097 925 1182 K
948 1102 1024 1162 ΗΚ
1046 1105 1099 1182 ἴση
1122 1093 1198 1162 οὖσα

194 1213 234 1288 τῇ
265 1208 342 1282 ΘΕ,
374 1202 429 1268 καὶ
457 1202 640 1288 ἐπεζεύχθω
669 1203 689 1287 K
718 1209 790 1269 AK
813 1202 869 1269 καὶ
897 1201 1199 1289 ἐκβεβλήσθω,καῖ

21 1385 22 1400 ,
142 1327 176 1376 10
195 1311 277 1373 ἔστω
303 1315 356 1392 ἴση
380 1309 400 1393 K
424 1313 492 1373 KA
515 1319 553 1394 τῇ
577 1314 656 1375 ΚΗ.
703 1309 772 1375 ἐπεὶ
795 1307 857 1376 οὖν
880 1311 920 1375 τὰ
943 1310 1006 1376 ἀπὸ
1031 1315 1110 1396 ΑΚ,
1132 1313 1201 1374 KH

194 1427 263 1490 τοῖς
282 1414 346 1480 ἀπὸ
365 1421 446 1501 ΑΒ,
466 1421 539 1481 ΒΗ
558 1423 612 1483 ἴσα
637 1417 720 1502 ἐστί,
745 1419 785 1483 τὰ
808 1415 845 1483 δὲ
868 1417 932 1484 άπὸ
951 1423 1033 1503 ΑΒ,
1051 1422 1124 1483 ΒΗ
1136 1428 1198 1491 τοῖς

194 1521 257 1586 ἀπὸ
286 1527 368 1607 ΔΕ,
395 1528 461 1588 ΕΘ
491 1529 560 1607 ἴσα,
588 1525 628 1588 τὰ
657 1526 721 1610 άρα
748 1524 811 1590 ἀπὸ
836 1529 919 1610 ΑΚ,
948 1529 1023 1590 ΚΗ
1042 1537 1112 1602 τοῖς
1140 1523 1197 1589 ἀπὸ

192 1634 274 1714 ΛΕ,
307 1634 373 1694 ΕΘ
405 1637 460 1696 ἴσα
492 1629 593 1695 ἐστίν·
628 1625 675 1696 ὧν
707 1633 744 1696 τὸ
777 1631 841 1697 άπὸ
869 1636 946 1697 KH
972 1642 1018 1720 τῷ
1047 1632 1111 1697 ἀπὸ
1139 1633 1198 1696 ΕΘ

195 1742 280 1801 ἴσον·
310 1738 427 1802 λοιπὸν
450 1739 514 1822 ἄρα
536 1737 573 1800 τὸ
598 1735 663 1801 άπὸ
687 1741 761 1801 ΑΚ
779 1747 824 1826 τῷ
848 1737 911 1803 ἀπὸ
935 1743 1006 1803 ΛΕ
1028 1743 1102 1802 ἴσον
1125 1736 1196 1818 ἐστί,

141 1858 174 1907 15
194 1840 249 1907 καὶ
277 1842 296 1926 K
321 1847 394 1908 ΑΚ
413 1853 452 1928 τῇ
475 1847 555 1907 ΔΕ·
584 1844 621 1907 τὸ
646 1845 710 1929 ἄρα
733 1848 846 1908 ΑΚΗ
864 1849 1029 1930 τρίγωνον
1053 1850 1126 1909 ἴσον
1150 1839 1198 1907 καὶ

193 1950 309 2034 ὅμοιόν
339 1949 406 2015 ε’στι
433 1959 479 2038 τῷ
502 1954 621 2034 ΔΕΘ,
648 1948 703 2014 καῖ
726 1949 746 2033 K
770 1954 839 2015 ΑΛ
866 1962 905 2038 τῇ
929 1956 995 2016 ΛΖ
1024 1957 1078 2034 ἴση
1106 1948 1197 2014 έστίν.

193 2053 262 2120 ἐπεὶ
290 2051 352 2120 οὖν
379 2055 399 2137 K
423 2059 496 2119 ΑΚ
520 2057 635 2121 εὐθεῖα
662 2065 720 2140 της
743 2060 819 2121 ΚΗ
842 2058 903 2122 ούκ
931 2056 1021 2122 ἐστιν
1050 2055 1197 2136 ἐλάττων,

192 2160 267 2227 οὐδ’
305 2160 325 2243 K
363 2164 435 2225 AK
468 2163 532 2246 ἄρα
568 2161 761 2252 περιφέρεια
796 2171 855 2246 τῆς
887 2166 964 2227 ΚΗ
994 2164 1197 2248 περιφερείας

192 2267 336 2333 ἐλάττων
363 2266 439 2332 ἐστί.
485 2266 541 2331 καὶ
564 2269 620 2333 διὰ
642 2269 679 2332 τὸ
703 2269 767 2354 τρὸ
790 2269 911 2333 τούτου
934 2269 1108 2354 θεώρημα,
1133 2265 1194 2334 ἐτελ

140 2391 173 2438 20
193 2374 229 2439 έν
251 2377 392 2460 τμηματι
415 2374 539 2439 κύκλον
562 2374 777 2460 κεκλασμέναι
798 2374 883 2441 εἴσῖν
901 2377 939 2441 αί
955 2379 1077 2460 ΑΚΗ,
1097 2377 1199 2440 ΑΒΗ

192 2481 336 2567 εὐθεῖαι,
359 2485 417 2545 καί
437 2481 527 2546 ἐστιν
550 2481 570 2563 K
594 2485 707 2546 AKH
725 2483 798 2565 ἤτοι
820 2483 903 2569 πρὸς
924 2491 964 2567 τῇ
988 2483 1158 2569 διχοτομίᾳ
1177 2479 1194 2561 K

192 2590 304 2669 ε”γγιον
323 2597 381 2672 της
400 2589 598 2672 διχοτομίας,
620 2592 738 2671 μείζων
757 2591 822 2675 ἄρα
840 2590 860 2672 K
879 2592 990 2653 AKH
1006 2597 1064 2672 τῆς
1082 2589 1193 2667 ΑΒΗ,

191 2691 362 2759 τουτέστιν
389 2694 410 2778 K
433 2699 502 2758 ΑΛ
529 2703 587 2778 τῆς
610 2699 690 2780 ΑΓ,
717 2694 888 2761 τουτέστιν
914 2697 934 2779 K
958 2701 991 2760 Δ
999 2700 1026 2759 Ζ
1048 2704 1106 2778 της
1128 2693 1192 2758 ΑΓ.

192 2797 335 2863 ἐλάττων
358 2801 422 2885 ἄρα
445 2799 465 2881 K
489 2804 559 2865 ΑΓ
576 2810 634 2885 τῆς
656 2808 689 2866 Δ
697 2807 736 2866 Ζ·
760 2802 839 2888 ὅπερ
864 2805 930 2868 ἔδει
953 2800 1067 2879 δεῖξαι.

138 3009 172 3059 25
668 2996 727 3063 νε’.

254 3117 329 3184 Ἐάν
353 3119 415 3184 δύο
435 3120 563 3185 εὐθεῖαι
582 3123 692 3187 άνισοι
712 3122 907 3209 διῃρημέναι
926 3118 997 3207 ὦσι,
1020 3124 1061 3188 τά
1079 3119 1114 3186 δὲ
1131 3116 1186 3183 άτὸ

191 3238 259 3292 τῶν
290 3235 347 3311 τῆς
380 3225 553 3304 ἐλάττονος
579 3227 756 3313 τμημάτων
784 3227 972 3315 τετράγωνα
1001 3236 1056 3295 ἴσα
1083 3223 1104 3315 K
1129 3232 1189 3294 τοῖς

193 3331 255 3396 ἀπὸ
291 3345 358 3399 τῶν
390 3343 448 3418 της
478 3337 625 3418 μείζονος
657 3335 834 3420 τμημάτων
866 3337 1096 3422 τετραγώνοις,
1130 3337 1188 3394 τῶν

262 3494 286 3541 2.
305 3493 407 3561 ΑΒΗ]
426 3493 512 3544 ΑΒΗ
527 3511 663 3561 τριγωνον
681 3510 708 3561 p.
786 3499 810 3548 ὅ.
831 3494 905 3550 ἐστιν
925 3493 997 3566 ἴσον]
1017 3492 1077 3548 ἴσον
1096 3481 1147 3544 ἐστί
1163 3499 1185 3550 P·

228 3561 251 3610 6.
275 3557 394 3630 ηοω]
419 3560 463 3614 ωε
484 3561 518 3616 v.
609 3563 681 3634 το]
707 3566 732 3619 ο
755 3580 770 3618 e
794 3582 862 3620 corr.
882 3585 908 3636 p.
1001 3571 1023 3620 τ.
1048 3561 1117 3631 τρι]
1139 3554 1187 3622 ἄν
