2504 3928
190 197 254 258 144
499 201 586 250 ΠΕΡΙ
604 199 731 250 ΚΩΝΟΤ
749 200 886 251 ΤΟΜΗΣ.

188 354 298 426 τεμεῖν
324 343 384 407 τὸν
410 355 519 408 κώνον
546 342 687 429 ἐπιπέδῳ
715 351 867 407 ποιοῦντι
895 345 1060 428 τρίγωνον
1087 341 1121 406 έν
1147 351 1187 428 τῳ

187 449 283 535 κώνῳ
308 455 382 513 ἴσον
403 459 449 537 τῷ
473 452 579 513 ΑΓΔ.

254 556 348 639 ἤχθω
375 567 415 641 τῇ
439 559 500 621 ΓΔ
530 555 566 620 ἐν
593 565 639 643 τῷ
666 556 775 643 κύκλῳ
803 557 886 640 πρὸς
913 556 1020 642 ὀρθὰς
1051 556 1106 621 διὰ
1134 565 1188 620 τοῦ

188 660 327 747 κέντρον
355 663 375 746 ἡ
403 666 508 726 ΕΒΖ.
554 660 609 726 καὶ
638 660 706 727 ἐπεὶ
734 663 844 746 ἡΑΒ
872 662 1016 728 ἐλάττων
1044 661 1111 728 ἐστὶ
1137 673 1188 746 τῆς

153 768 224 834 σέκ
251 778 311 833 τοῦ
338 768 492 854 κέντρον,
525 768 722 855 ἐνηρμόσθω
746 771 766 852 ἡ
790 774 866 859 ΑΗΙ
888 770 1108 835 ὑποτείνουσα
1134 768 1188 854 μὲν

186 877 247 959 την
265 877 329 941 ὑπὸ
345 880 444 940 ΑΒΖ
463 879 599 958 γωνίαν,
619 882 673 958 ίση
693 872 729 940 δὲ
747 872 831 941 οὖσα
849 887 888 962 τῇ
910 876 946 941 ἐκ
964 886 1024 941 τοῦ
1043 877 1186 962 κέντρον·

186 991 284 1047 τοῦτο
309 979 345 1046 δὲ
368 980 487 1067 ῥᾴδιον
508 991 656 1066 ποιῆσαι·
688 980 743 1046 καὶ
767 983 823 1046 διὰ
845 988 906 1047 τοῦ
929 987 969 1046 Η
987 985 1188 1070 παράλληλος

186 1099 225 1172 ιη
246 1090 307 1152 ΓΛ
330 1089 424 1172 ηοω
448 1090 468 1172 η
494 1093 611 1153 οΗΚ·
639 1089 789 1172 mm<
808 1091 873 1175 ιρι
895 1091 977 1154 κατι
1000 1091 1037 1154 τὸ
1060 1095 1100 1154 H
1118 1092 1187 1173 οιχι

187 1193 339 1278 τέτμηται
361 1193 417 1260 καὶ
439 1198 522 1281 πρὸς
544 1196 650 1281 ὀρθὰς
672 1206 712 1281 τῇ
735 1201 798 1261 ER
806 1201 842 1260 Ζ.
886 1197 1133 1280 διεκβεβλησθω
1155 1198 1187 1260 τὸ
1243 1239 1244 1266 ι

136 1315 169 1362 10
188 1300 244 1364 διὰ
262 1311 330 1366 τών
350 1305 425 1384 ΘΚ,
439 1307 511 1366 HA
530 1303 686 1368 ἐπίπεδον
703 1311 823 1367 ποιοῦν
842 1303 878 1366 τὸ
898 1309 930 1367 Α
937 1307 1006 1367 ΘΚ
1021 1306 1187 1388 τρίγωνον.
1243 1315 1244 1326 ἢ

185 1404 280 1490 λέγω,
304 1407 354 1471 ὅτι
377 1409 414 1472 τὸ
438 1412 545 1472 ΑΘΚ
564 1412 730 1494 τρίγωνον
753 1414 827 1473 ίσον
851 1407 918 1473 ἐστὶ
941 1418 987 1496 τῷ
1012 1412 1115 1474 ΑΓΔ.

252 1513 435 1600 ἐπεζεύχθω
463 1516 483 1598 ἡ
510 1519 584 1579 ΒΘ.
635 1514 703 1581 ἐπεὶ
731 1511 794 1581 οὖν
822 1521 875 1598 ἴση
903 1516 924 1598 ἡ
951 1521 1029 1581 ΑΗ
1051 1527 1090 1602 τη
1118 1521 1187 1597 ΒΘ,

186 1621 230 1698 ώς
248 1623 312 1707 ἄρα
330 1624 350 1706 ἡ
369 1626 445 1687 ΑΗ
463 1624 546 1708 πρὸς
564 1627 643 1705 ΗΒ,
667 1622 772 1699 οὕτως
790 1623 810 1705 ἡ
831 1627 892 1686 ΘΒ
911 1625 993 1709 πρὸς
1012 1627 1090 1687 ΗΒ.
1126 1619 1188 1688 ἐπεὶ
1242 1683 1243 1700 ,

185 1724 247 1793 οὖν
275 1731 337 1794 δύο
363 1734 509 1816 τρίγωνα
536 1731 576 1794 τὰ
599 1733 717 1813 ΒΘΗ,
741 1734 846 1794 ΗΑΒ
874 1734 954 1814 μίαν
981 1735 1106 1812 γωνίαν
1134 1738 1187 1814 μιᾷ

135 1848 167 1897 15
186 1841 291 1922 γωνία
324 1843 400 1919 ίσην
431 1840 507 1920 ἔχει·
540 1834 642 1922 ὀρθαὶ
673 1838 737 1922 γὰρ
769 1838 807 1900 αἱ
834 1836 899 1901 ὑπὸ
935 1840 1052 1919 ΘΗΒ,
1077 1839 1187 1900 ΑΒΗ·

186 1941 261 2028 περὶ
291 1939 327 2006 δέ
350 1945 451 2019 ἄλλας
475 1947 597 2025 γωνίας
623 1943 682 2019 τὰς
704 1943 848 2028 πλευρὰς
871 1942 1052 2025 ἀνάλογον,
1079 1941 1188 2007 καὶτὰ

185 2049 294 2131 λοιποί,
318 2050 414 2134 ὅμοια
438 2052 501 2130 ἄρα
524 2051 563 2114 τὰ
582 2054 697 2132 ΒΘΗ,
717 2052 823 2114 ΗΑΒ
847 2053 1005 2135 τρίγωνα·
1030 2050 1075 2125 ὡς
1093 2048 1188 2134 ίίραὴ

185 2159 250 2220 ΒΘ
272 2158 355 2242 πρὸς
380 2161 462 2239 ΘΗ,
489 2155 659 2221 τουτέστιν
678 2157 722 2233 ώς
745 2157 765 2240 η
790 2158 851 2220 ΓΔ
873 2157 956 2241 πρὸς
981 2160 1061 2239 ΘΚ,
1090 2156 1187 2228 οὕτως

185 2263 204 2346 ἡ
228 2267 300 2328 ΗΑ
323 2264 406 2349 πρὸς
428 2268 503 2328 ΑΒ.
546 2265 583 2328 τὸ
608 2265 672 2349 ίίρα
694 2263 759 2327 ὑπὸ
784 2265 854 2346 ΓΔ,
873 2266 939 2327 ΒΑ
963 2268 1037 2326 ίσον
1059 2272 1105 2350 τῷ
1128 2261 1185 2326 ὑπὸ

130 2382 165 2432 20
186 2373 260 2453 ΘΚ,
279 2374 364 2435 ΗΑ·
387 2369 442 2435 καὶ
460 2371 501 2434 τὰ
518 2370 644 2454 ἡμίσεα.
676 2371 713 2434 τὸ
733 2372 832 2434 ΑΓΔ
850 2372 1016 2454 τρίγωνον
1035 2371 1100 2455 ίίρα
1118 2375 1185 2433 ίσον

184 2475 250 2541 ἐστὶ
273 2487 319 2564 τῷ
343 2480 450 2542 ΑΘΚ
469 2479 633 2564 τριγώνῳ·
658 2477 737 2562 ὅπερ
761 2477 826 2540 ἔδει
849 2485 993 2559 ποιῆσαι.

660 2696 694 2754 ιγ
708 2721 715 2736 .

247 2793 322 2860 Ἐὰν
340 2808 446 2872 κῶνος
465 2796 568 2882 ὀρθὸς
587 2799 642 2863 διὰ
657 2807 714 2879 τῆς
727 2805 877 2882 κορυφῆς
891 2795 1057 2872 ἐπιπέδοις
1069 2801 1182 2880 τμηθῇ,

182 2912 249 2966 τῶν
272 2899 309 2966 δὲ
331 2902 518 2987 γενομένων
541 2903 577 2968 ἐν
600 2915 644 2992 τῳ
668 2905 764 2992 κώνῳ
787 2904 960 2988 τριγώνων
978 2903 1069 2978 τινὸς
1087 2903 1107 2986 ἡ
1125 2899 1182 2966 ἀπὸ

255 3068 277 3115 1.
297 3060 359 3132 τόν]
378 3078 452 3130 vop,
472 3078 540 3115 corr.
561 3077 594 3114 ex
613 3060 645 3114 τό
663 3061 782 3114 m.1V.
838 3060 1116 3131 2.ΑΓΔ]ίιπὸΓΔ
1134 3057 1180 3120 Vc,
1234 3122 1238 3139 Ι

182 3133 238 3186 ἀπὸ
257 3141 306 3202 τῆς
326 3136 374 3188 ΓΔ
392 3151 423 3202 p,
448 3149 515 3187 corr.
536 3131 639 3187 Comm.
726 3137 749 3186 9.
769 3132 814 3203 τη]
834 3130 890 3185 ἐστι
907 3139 941 3201 τῇ
959 3149 986 3200 p.
1069 3135 1110 3184 12.
1129 3127 1180 3197 ἴση]
1235 3144 1238 3153 ·

183 3203 227 3273 ἴση
248 3201 321 3259 ἐστίν
345 3222 371 3273 p.
463 3203 617 3274 ΒΘ(ο1ι.)]
643 3205 694 3258 ΘΒ
717 3221 745 3272 p.
836 3208 876 3256 13.
902 3206 957 3256 ΗΒ
972 3201 1060 3274 (alt.)]
1084 3204 1180 3267 BHp.
1234 3220 1238 3250 ι

219 3281 259 3330 14.
281 3277 366 3331 Βοιι
406 3281 597 3344 Reconup,
623 3265 763 3329 31²1ch
824 3274 1072 3345 Ηιομιιιιρ.
1144 3275 1179 3324 15.
1234 3330 1237 3339 ,

181 3345 228 3418 αὶ]
250 3366 282 3416 p,
310 3364 363 3402 om.
414 3364 437 3401 ο,
528 3346 631 3416 ΘΗΒ]
657 3349 836 3399 HBecorr.
856 3363 882 3414 p.
975 3350 1016 3398 16.
1040 3340 1117 3414 περί]
1139 3358 1178 3409 ομ,
1234 3352 1237 3415 ξ

182 3416 416 3487 comp.V‚noepoi
433 3436 459 3472 v,
532 3423 574 3473 17.
595 3418 688 3488 HAB]
707 3421 794 3471 ΑΒΗ
809 3436 835 3486 p.
910 3421 950 3470 18.
973 3417 1047 3488 ΘΗ]
1068 3417 1177 3481 ΘΚῖμ.

218 3494 259 3542 19.
280 3491 346 3560 ΗΑ]
365 3506 433 3543 corr.
454 3505 488 3542 ex
507 3493 561 3542 ΗΒ
580 3507 606 3557 p.
685 3486 758 3560 ἴσον]
778 3487 840 3543 ίοον
859 3487 918 3542 ἐστί
932 3506 958 3556 p.
1041 3493 1082 3541 20.
1102 3483 1131 3540 τό
1151 3513 1176 3523 -

182 3557 249 3628 ἄρα]
268 3560 299 3613 τὸ
314 3559 369 3626 ἄρα
383 3566 405 3613 Α
413 3563 461 3613 ΓΔ
474 3557 610 3628 τρίγωνον
628 3577 654 3627 p.
711 3565 752 3614 21.
772 3560 895 3633 τριγώνῳ
905 3591 941 3600 -
950 3560 1076 3631 ποιῆσαι]
1091 3573 1140 3612 om.
1154 3572 1176 3623 p.
