2574 3934
166 149 208 212 32
312 113 318 124 ’
433 151 520 200 ΠΕΡΙ
537 149 753 201 mmmm
772 150 909 204 νοιιιιε.

167 292 284 371 ἄξονος
310 287 404 375 ήκται
431 294 507 358 οὐτε
529 295 745 379 παραλλήλοις
767 303 812 380 τῷ
836 291 943 375 ἄξονι,
970 292 991 375 ή
1015 294 1099 355 ΛΜ
1120 293 1197 376 ἄρα

167 397 217 464 ἐπ’
248 401 384 490 ἄπειρον
411 398 631 483 ἐκβαλλομένη
659 410 750 482 τεμεῖ
774 400 833 463 τὸν
860 397 973 475 ἄξονα·
1002 409 1096 481 τεμεῖ
1119 398 1197 482 ἄρα

166 503 220 570 καί
247 506 309 588 τήν
338 509 410 569 ΘΝ
432 505 644 591 παράλληλον
667 501 772 570 οὐσαν
794 513 840 592 τῷ
864 502 970 581 ἄξονι·
1008 502 1197 588 ἀμφοτέρα

166 612 229 697 γάρ
253 609 288 675 έν
311 619 356 698 τῷ
378 613 445 674 ΘΚ
464 612 548 674 εἰσιν
567 608 718 698 ἐπιπέδῳ.
755 608 895 694 τεμνέτω
916 610 957 693 δή
975 609 1058 673 κατά
1076 611 1118 674 τὸ
1139 615 1195 694 N,

133 716 221 782 οκαὶ
245 717 455 801 ἐκβεβλήσθω
480 715 534 800 ἐφ’
558 715 692 802 ἑκάτερα
715 717 736 800 ή
756 721 832 781 ΘΝ.
875 715 933 781 ἐὰν
955 716 997 799 δή
1020 713 1196 799 μένοντος

166 833 225 888 τοῦ
249 822 367 901 ἄξονος
389 821 444 887 καὶ
467 835 535 888 τῶν
557 825 689 888 κύκλων
711 824 731 906 ή
753 828 825 888 ΘΝ
842 828 1093 908 περιενεχθείσα
1118 825 1195 887 σὺν

166 943 237 1007 ταῖς
269 928 456 1014 διαμέτροις
489 929 758 1015 ἀποκατασταθῇ,
795 927 928 1012 αὐξήσει
960 929 1021 1011 τήν
1052 937 1116 993 τοῦ
1153 927 1194 1007 ἐξ

167 1036 268 1122 ἄρχῇς
290 1036 473 1120 κυλίνδρου
498 1034 693 1119 ἐπιφάνειαν
715 1037 797 1100 κατὰ
820 1036 857 1099 τὸ
880 1034 975 1118 ἄγος,
997 1031 1054 1099 καὶ
1075 1051 1194 1120 προσ-

167 1139 386 1225 εκβληθέντος
408 1150 468 1205 τοῦ
488 1146 552 1206 ΖΕ
569 1140 725 1206 ἐπιπέδου
744 1140 965 1224 αὐξηθήσεται
982 1138 1076 1222 καλή
1097 1144 1194 1225 τομὴ

117 1261 150 1310 10
168 1246 262 1333 μέχρι
286 1256 346 1312 τοῦ
364 1251 412 1311 Ν·
444 1249 481 1312 τὸ
501 1246 534 1312 δ’
556 1249 636 1313 αὐτὸ
661 1252 749 1314 ἔσται
768 1246 823 1312 καὶ
842 1246 895 1313 ἐπὶ
913 1248 953 1312 τά
973 1249 1014 1330 Γ,
1034 1251 1066 1310 Λ
1082 1245 1194 1331 μέρη·

167 1354 187 1437 ή
208 1356 352 1418 ΝΗΕΡ
367 1355 430 1439 ἄρα
449 1355 532 1438 τομή
551 1353 619 1419 ἐστι
637 1356 830 1441 κυλίνδρου,
849 1355 903 1418 οἵα
921 1352 976 1418 καί
995 1353 1031 1419 ἐν
1049 1362 1095 1441 τῷ
1116 1357 1192 1438 πρὸ

168 1460 289 1524 τούτου
315 1461 514 1546 θεωρήματι.
558 1459 579 1543 ή
605 1466 644 1526 Ν
645 1465 750 1525 ΗΕΡ
768 1463 832 1546 ἄρα
855 1462 937 1545 τομή
961 1461 1037 1525 οὐτε
1059 1461 1194 1538 κύκλος

168 1567 244 1632 οὔτε
267 1566 505 1652 εὐθύγραμμόν
528 1567 609 1632 ἐστι·
632 1565 687 1632 καὶ
711 1566 730 1650 ή
752 1569 886 1632 ΓΕΗΖ
909 1568 974 1653 ἄρα
996 1569 1078 1650 τομή
1103 1568 1191 1633 οὐτε

168 1675 406 1760 εὐθύγραμμον
438 1676 514 1739 οὐτε
545 1676 665 1750 κύκλος
697 1675 773 1739 οὐτε
804 1683 911 1758 τμῇμα
938 1674 1076 1755 κύκλου,
1105 1673 1187 1739 ἀλλ’

118 1795 148 1841 15
169 1780 258 1846 ἐστὶν
281 1781 301 1865 ή
324 1782 460 1864 τοιαύτη
483 1782 565 1864 τομή
589 1781 771 1866 κυλίνδρου
795 1783 886 1864 τομή.

646 2001 702 2041 ια.

232 2099 308 2164 Ἐάν
345 2100 523 2185 κύλινδρος
555 2099 696 2188 ἐπιπέδῳ
730 2106 840 2185 τμηθῇ
873 2100 929 2163 διδι
960 2108 1021 2164 τοῦ
1052 2098 1187 2184 ἄξονος,

168 2213 283 2292 ληφθῇ
299 2203 335 2270 δέ
353 2229 384 2270 τι
404 2218 542 2290 σημεῖον
556 2205 609 2272 έπὶ
627 2215 684 2291 τῇς
702 2217 762 2272 τοῦ
781 2207 963 2291 κυλίνδρου
978 2205 1187 2292 ἐπιφανείας,

169 2313 186 2379 δ
214 2316 258 2398 μή
282 2311 371 2377 ἐστιν
395 2309 446 2376 ἐπὶ
470 2322 527 2395 τῇς
549 2319 693 2399 πλευρᾶς
716 2321 777 2378 τοῦ
801 2313 856 2377 διδι
879 2322 940 2377 τοῦ
963 2311 1080 2391 ἄξονος
1097 2334 1186 2395 παρ-

116 2432 150 2481 εο
168 2417 455 2506 αλληλογράμμου,
474 2417 529 2484 καὶ
548 2418 604 2484 ἄπ’
626 2420 729 2485 αὐτοῦ
749 2418 837 2504 άχθῇ
855 2443 905 2496 τις
923 2420 1038 2485 εὐθεῖα
1055 2421 1185 2506 παράλ-

168 2533 266 2610 ληλος
288 2526 404 2613 εὐθείᾳ
426 2529 507 2608 τινί,
532 2526 604 2609 ήτις
627 2525 663 2591 ἐν
686 2535 731 2614 τῷ
756 2525 844 2613 αὐτῇ
868 2523 1010 2614 ἐπιπέδῳ
1034 2521 1118 2592 οὐσα
1143 2536 1184 2612 τῇ

168 2632 261 2715 βάσει
288 2640 348 2695 τοῦ
376 2631 559 2717 κυλίνδρου
591 2633 674 2718 πρὸς
705 2631 812 2718 ὀρθάς
839 2630 907 2696 ἐστι
934 2641 973 2717 τῇ
1003 2631 1098 2715 βάσει
1120 2643 1183 2698 τοῦ

169 2737 224 2801 διδι
247 2739 307 2801 τοῦ
332 2734 449 2814 ἄξονος
467 2738 822 2823 παραλληλογράμμου,
846 2737 938 2815 ἐντὸς
955 2750 1102 2802 πεσεῖται
1120 2749 1184 2805 τοῦ

167 2842 513 2928 παραλληλογράμμου
526 2841 581 2907 καὶ
595 2831 902 2930 προσεκβαλλομένη
917 2841 978 2920 ἕως
991 2853 1051 2909 τοῦ
1067 2843 1183 2930 ἑτέρου

241 3061 265 3108 3.
287 3055 363 3126 ΘΝ]
385 3057 453 3110 ΘΜ
467 3071 494 3124 p,
514 3054 563 3108 sed
582 3070 650 3108 corr.
706 3060 729 3108 λ.
750 3054 778 3120 ἐξ
797 3055 894 3126 ἀρχῆς]
914 3071 967 3110 om.
981 3072 1008 3123 p.
1064 3061 1089 3109 8.
1109 3055 1184 3109 κατὰ

169 3127 200 3182 τὸ
219 3124 301 3196 ὐψος,
320 3122 381 3197 καί]
401 3124 446 3179 bis
465 3142 480 3179 ο
500 3127 567 3180 extr.
589 3129 618 3179 et
635 3124 697 3180 init.
716 3143 781 3195 pag.
863 3132 887 3181 9.
910 3127 977 3197 ΖΕ]
996 3143 1028 3194 p,
1052 3127 1109 3185 ΞΕ
1127 3127 1183 3182 Vc.

207 3203 248 3253 10.
270 3198 432 3269 Γ]εοοιτ.
451 3216 478 3266 p.
553 3203 594 3251 12.
615 3198 753 3269 NHEP]
773 3200 957 3252 NHecorr.
976 3214 1004 3265 p.
1068 3197 1184 3270 κύκλος]
1284 3187 1285 3208 ³

170 3270 271 3331 κύκλος
280 3266 354 3322 ἐστίν
364 3285 391 3336 p.
444 3274 485 3322 13.
498 3267 554 3322 ἐστι
563 3299 598 3307 -
609 3274 650 3322 14.
661 3268 771 3339 κύκλος]
783 3285 835 3323 om.
846 3286 872 3337 p.
925 3275 966 3322 15.
980 3267 1050 3335 τομή
1060 3266 1144 3340 (alt.)]
1156 3287 1184 3339 p,

171 3365 256 3427 τομῆς
269 3357 373 3412 κύκλον
388 3355 442 3423 Vc,
461 3359 529 3424 τομξ
545 3355 606 3409 cod.
621 3354 708 3408 Paris.
724 3360 792 3409 2367
814 3355 877 3410 add.
892 3363 985 3424 τμῆμα
999 3355 1030 3408 in
1042 3372 1095 3410 ras.
1109 3375 1146 3410 m.
1159 3363 1184 3426 2,

172 3435 373 3562 ρφομῇεςίαξμῇμα
402 3423 504 3494 Halley
527 3442 590 3478 cum
613 3425 716 3480 comm.
809 3431 848 3481 19.
878 3426 946 3480 Post
967 3435 1016 3497 τῆς
1044 3425 1098 3480 del.
1124 3427 1186 3482 ἐπι-
