<?xml version="1.0" encoding="UTF-8"?>
<!DOCTYPE html PUBLIC "-//W3C//DTD XHTML 1.0 Transitional//EN"
    "http://www.w3.org/TR/xhtml1/DTD/xhtml1-transitional.dtd">
<html xmlns="http://www.w3.org/1999/xhtml" xml:lang="en" lang="en">
 <head>
  <title>
</title>
<meta http-equiv="Content-Type" content="text/html;charset=utf-8" />
  <meta name='ocr-system' content='tesseract 3.04.00' />
  <meta name='ocr-capabilities' content='ocr_page ocr_carea ocr_par ocr_line ocrx_word'/>
</head>
<body>
  <div class='ocr_page' id='page_1' title='image "./sereniantinoens00heibgoog_0195.png"; bbox 0 0 2504 3928; ppageno 0'>
   <div class='ocr_carea' id='block_1_1' title="bbox 132 130 858 218">
    <p class='ocr_par' dir='ltr' id='par_1_1' title="bbox 132 130 858 218">
     <span class='ocr_line' id='line_1_1' title="bbox 132 130 858 218; baseline -0.019 -1"><span class='ocrx_word' id='word_1_1' title='bbox 132 130 134 134; x_wconf 60' lang='grc'><strong>’</strong></span> <span class='ocrx_word' id='word_1_2' title='bbox 160 154 223 218; x_wconf 78' lang='grc'><strong><em>170</em></strong></span> <span class='ocrx_word' id='word_1_3' title='bbox 467 150 703 204; x_wconf 65' lang='grc' dir='ltr'><strong><em>Πωειιιωιωοτ</em></strong></span> <span class='ocrx_word' id='word_1_4' title='bbox 721 149 858 203; x_wconf 63' lang='lat' dir='ltr'><strong><em>rom.</em></strong></span> 
     </span>
    </p>
   </div>
   <div class='ocr_carea' id='block_1_2' title="bbox 84 288 1247 1878">
    <p class='ocr_par' dir='ltr' id='par_1_2' title="bbox 84 288 1172 702">
     <span class='ocr_line' id='line_1_2' title="bbox 84 288 1169 383; baseline -0.008 -21"><span class='ocrx_word' id='word_1_5' title='bbox 84 375 86 378; x_wconf 16' lang='grc' dir='ltr'>Ι</span> <span class='ocrx_word' id='word_1_6' title='bbox 158 296 222 362; x_wconf 78' lang='grc' dir='ltr'><strong><em>ἀπὸ</em></strong></span> <span class='ocrx_word' id='word_1_7' title='bbox 245 298 350 361; x_wconf 89' lang='grc' dir='ltr'><strong><em>ΑΒΓ</em></strong></span> <span class='ocrx_word' id='word_1_8' title='bbox 372 293 612 383; x_wconf 76' lang='grc' dir='ltr'><strong><em>συναμφοτέρῳ</em></strong></span> <span class='ocrx_word' id='word_1_9' title='bbox 640 303 685 383; x_wconf 80' lang='grc' dir='ltr'><strong><em>τῳ</em></strong></span> <span class='ocrx_word' id='word_1_10' title='bbox 714 293 777 359; x_wconf 84' lang='grc' dir='ltr'><strong><em>ἀπὸ</em></strong></span> <span class='ocrx_word' id='word_1_11' title='bbox 800 296 907 359; x_wconf 85' lang='grc' dir='ltr'><strong><em>ΕΖΗ</em></strong></span> <span class='ocrx_word' id='word_1_12' title='bbox 932 297 1022 358; x_wconf 74' lang='grc' dir='ltr'><strong><em>ἴσον·</em></strong></span> <span class='ocrx_word' id='word_1_13' title='bbox 1056 288 1113 356; x_wconf 76' lang='grc' dir='ltr'><strong><em>κοιλ</em></strong></span> <span class='ocrx_word' id='word_1_14' title='bbox 1135 291 1169 354; x_wconf 91' lang='grc' dir='ltr'><strong><em>τὸ</em></strong></span> 
     </span>
     <span class='ocr_line' id='line_1_3' title="bbox 159 398 1171 488; baseline -0.006 -20"><span class='ocrx_word' id='word_1_15' title='bbox 159 403 223 468; x_wconf 82' lang='grc' dir='ltr'><strong><em>ἀπὸ</em></strong></span> <span class='ocrx_word' id='word_1_16' title='bbox 245 405 314 467; x_wconf 88' lang='grc' dir='ltr'><strong><em>ΒΓ</em></strong></span> <span class='ocrx_word' id='word_1_17' title='bbox 337 403 400 488; x_wconf 75' lang='grc' dir='ltr'><strong><em>ἅμα</em></strong></span> <span class='ocrx_word' id='word_1_18' title='bbox 423 411 469 486; x_wconf 77' lang='grc' dir='ltr'><strong><em>τῷ</em></strong></span> <span class='ocrx_word' id='word_1_19' title='bbox 493 401 555 467; x_wconf 82' lang='grc' dir='ltr'><strong><em>ἀπὸ</em></strong></span> <span class='ocrx_word' id='word_1_20' title='bbox 581 406 654 466; x_wconf 90' lang='grc' dir='ltr'><strong><em>ΖΗ</em></strong></span> <span class='ocrx_word' id='word_1_21' title='bbox 677 407 759 467; x_wconf 74' lang='grc' dir='ltr'><strong><em>ἴσον.</em></strong></span> <span class='ocrx_word' id='word_1_22' title='bbox 806 403 889 466; x_wconf 82' lang='grc' dir='ltr'><strong><em>ὥστε</em></strong></span> <span class='ocrx_word' id='word_1_23' title='bbox 911 398 967 466; x_wconf 81' lang='grc' dir='ltr'><strong><em>καὶ</em></strong></span> <span class='ocrx_word' id='word_1_24' title='bbox 990 400 1115 465; x_wconf 83' lang='grc' dir='ltr'><strong><em>λοιπὸν</em></strong></span> <span class='ocrx_word' id='word_1_25' title='bbox 1137 399 1171 462; x_wconf 87' lang='grc' dir='ltr'><strong><em>τὸ</em></strong></span> 
     </span>
     <span class='ocr_line' id='line_1_4' title="bbox 159 505 1171 597; baseline -0.005 -22"><span class='ocrx_word' id='word_1_26' title='bbox 159 510 221 575; x_wconf 82' lang='grc' dir='ltr'><strong><em>ἀπὸ</em></strong></span> <span class='ocrx_word' id='word_1_27' title='bbox 245 512 310 574; x_wconf 89' lang='grc' dir='ltr'><strong><em>ΑΒ</em></strong></span> <span class='ocrx_word' id='word_1_28' title='bbox 334 515 437 597; x_wconf 76' lang='grc' dir='ltr'><strong><em>λοιπῷ</em></strong></span> <span class='ocrx_word' id='word_1_29' title='bbox 461 518 506 597; x_wconf 79' lang='grc' dir='ltr'><strong><em>τῳ</em></strong></span> <span class='ocrx_word' id='word_1_30' title='bbox 530 508 594 574; x_wconf 82' lang='grc' dir='ltr'><strong><em>ἀπὸ</em></strong></span> <span class='ocrx_word' id='word_1_31' title='bbox 612 513 677 574; x_wconf 91' lang='grc' dir='ltr'><strong><em>ΕΖ</em></strong></span> <span class='ocrx_word' id='word_1_32' title='bbox 700 515 786 575; x_wconf 78' lang='grc' dir='ltr'><strong><em>ἴσον·</em></strong></span> <span class='ocrx_word' id='word_1_33' title='bbox 811 515 865 593; x_wconf 76' lang='grc' dir='ltr'><strong><em>ἴση</em></strong></span> <span class='ocrx_word' id='word_1_34' title='bbox 888 511 953 595; x_wconf 75' lang='grc' dir='ltr'><strong><em>ἄρα</em></strong></span> <span class='ocrx_word' id='word_1_35' title='bbox 975 509 996 594; x_wconf 73' lang='grc' dir='ltr'><em>ἡ</em></span> <span class='ocrx_word' id='word_1_36' title='bbox 1021 505 1086 594; x_wconf 77' lang='grc' dir='ltr'><strong><em>μὲν</em></strong></span> <span class='ocrx_word' id='word_1_37' title='bbox 1110 510 1171 570; x_wconf 90' lang='grc' dir='ltr'><strong><em>ΑΒ</em></strong></span> 
     </span>
     <span class='ocr_line' id='line_1_5' title="bbox 158 613 1172 702; baseline -0.003 -22"><span class='ocrx_word' id='word_1_38' title='bbox 158 625 197 702; x_wconf 77' lang='grc' dir='ltr'><strong><em>τῇ</em></strong></span> <span class='ocrx_word' id='word_1_39' title='bbox 220 620 299 700; x_wconf 78' lang='grc' dir='ltr'><strong><em>ΕΖ,</em></strong></span> <span class='ocrx_word' id='word_1_40' title='bbox 329 616 349 700; x_wconf 71' lang='grc' dir='ltr'>ἡ</span> <span class='ocrx_word' id='word_1_41' title='bbox 373 613 410 680; x_wconf 78' lang='grc' dir='ltr'><strong><em>δέ</em></strong></span> <span class='ocrx_word' id='word_1_42' title='bbox 428 618 496 680; x_wconf 89' lang='grc' dir='ltr'><strong><em>ΒΓ</em></strong></span> <span class='ocrx_word' id='word_1_43' title='bbox 518 624 557 701; x_wconf 76' lang='grc' dir='ltr'><strong><em>τῇ</em></strong></span> <span class='ocrx_word' id='word_1_44' title='bbox 583 620 659 680; x_wconf 93' lang='grc' dir='ltr'><strong><em>ΖΗ.</em></strong></span> <span class='ocrx_word' id='word_1_45' title='bbox 705 615 788 681; x_wconf 84' lang='grc' dir='ltr'><strong><em>ἀλλὰ</em></strong></span> <span class='ocrx_word' id='word_1_46' title='bbox 814 614 870 680; x_wconf 82' lang='grc' dir='ltr'><strong><em>καὶ</em></strong></span> <span class='ocrx_word' id='word_1_47' title='bbox 893 618 930 681; x_wconf 77' lang='grc' dir='ltr'><strong><em>αἱ</em></strong></span> <span class='ocrx_word' id='word_1_48' title='bbox 950 617 1069 701; x_wconf 82' lang='grc' dir='ltr'><strong><em>βέσεις</em></strong></span> <span class='ocrx_word' id='word_1_49' title='bbox 1093 620 1172 679; x_wconf 83' lang='grc' dir='ltr'><strong><em>λσοιι·</em></strong></span> 
     </span>
    </p>

    <p class='ocr_par' dir='ltr' id='par_1_3' title="bbox 124 721 1244 1238">
     <span class='ocr_line' id='line_1_6' title="bbox 124 721 1173 809; baseline -0.002 -22"><span class='ocrx_word' id='word_1_50' title='bbox 124 721 264 788; x_wconf 80' lang='grc' dir='ltr'><strong><em>οποίντω</em></strong></span> <span class='ocrx_word' id='word_1_51' title='bbox 292 724 357 809; x_wconf 78' lang='grc' dir='ltr'><strong><em>ἄρα</em></strong></span> <span class='ocrx_word' id='word_1_52' title='bbox 384 731 485 787; x_wconf 84' lang='grc' dir='ltr'><strong><em>πᾶσιν</em></strong></span> <span class='ocrx_word' id='word_1_53' title='bbox 509 728 572 788; x_wconf 83' lang='grc' dir='ltr'><strong><em>λσοι.</em></strong></span> <span class='ocrx_word' id='word_1_54' title='bbox 623 728 697 788; x_wconf 76' lang='grc' dir='ltr'><strong><em>ἴσον</em></strong></span> <span class='ocrx_word' id='word_1_55' title='bbox 725 725 789 809; x_wconf 74' lang='grc' dir='ltr'><strong><em>ἄρα</em></strong></span> <span class='ocrx_word' id='word_1_56' title='bbox 816 725 853 788; x_wconf 92' lang='grc' dir='ltr'><strong><em>τὸ</em></strong></span> <span class='ocrx_word' id='word_1_57' title='bbox 876 728 982 789; x_wconf 88' lang='grc' dir='ltr'><strong><em>ΑΒΓ</em></strong></span> <span class='ocrx_word' id='word_1_58' title='bbox 1003 726 1173 808; x_wconf 80' lang='grc' dir='ltr'><strong><em>τρίγωνον</em></strong></span> 
     </span>
     <span class='ocr_line' id='line_1_7' title="bbox 158 824 1172 917; baseline -0.002 -24"><span class='ocrx_word' id='word_1_59' title='bbox 158 839 203 917; x_wconf 73' lang='grc' dir='ltr'><strong><em>τῷ</em></strong></span> <span class='ocrx_word' id='word_1_60' title='bbox 231 833 350 894; x_wconf 85' lang='grc' dir='ltr'>ΕΖΗ·</span> <span class='ocrx_word' id='word_1_61' title='bbox 383 830 462 915; x_wconf 79' lang='grc' dir='ltr'><strong><em>ὅπερ</em></strong></span> <span class='ocrx_word' id='word_1_62' title='bbox 495 830 632 895; x_wconf 75' lang='grc' dir='ltr'><strong><em>ἄτοπον·</em></strong></span> <span class='ocrx_word' id='word_1_63' title='bbox 665 824 707 912; x_wconf 76' lang='grc' dir='ltr'><strong><em>ἦν</em></strong></span> <span class='ocrx_word' id='word_1_64' title='bbox 733 831 796 916; x_wconf 78' lang='grc' dir='ltr'><strong><em>γὰρ</em></strong></span> <span class='ocrx_word' id='word_1_65' title='bbox 825 832 961 896; x_wconf 82' lang='grc' dir='ltr'><strong><em>ἔλαττον</em></strong></span> <span class='ocrx_word' id='word_1_66' title='bbox 993 832 1033 896; x_wconf 88' lang='grc' dir='ltr'><strong><em>τὸ</em></strong></span> <span class='ocrx_word' id='word_1_67' title='bbox 1065 830 1172 893; x_wconf 91' lang='grc' dir='ltr'><em>ΑΒΓ.</em></span> 
     </span>
     <span class='ocr_line' id='line_1_8' title="bbox 159 935 1173 1024; baseline -0.003 -22"><span class='ocrx_word' id='word_1_68' title='bbox 159 938 219 1002; x_wconf 87' lang='grc' dir='ltr'><strong><em>οὐκ</em></strong></span> <span class='ocrx_word' id='word_1_69' title='bbox 238 938 303 1023; x_wconf 77' lang='grc' dir='ltr'><strong><em>ἄρα</em></strong></span> <span class='ocrx_word' id='word_1_70' title='bbox 318 935 339 1019; x_wconf 77' lang='grc' dir='ltr'><em>ἡ</em></span> <span class='ocrx_word' id='word_1_71' title='bbox 353 941 419 1001; x_wconf 96' lang='grc' dir='ltr'><strong><em>ΑΒ</em></strong></span> <span class='ocrx_word' id='word_1_72' title='bbox 437 936 519 1022; x_wconf 79' lang='grc' dir='ltr'><strong><em>πρὸς</em></strong></span> <span class='ocrx_word' id='word_1_73' title='bbox 534 939 601 1001; x_wconf 96' lang='grc' dir='ltr'><strong><em>ΒΓ</em></strong></span> <span class='ocrx_word' id='word_1_74' title='bbox 615 938 716 1019; x_wconf 82' lang='grc' dir='ltr'><strong><em>λόγον</em></strong></span> <span class='ocrx_word' id='word_1_75' title='bbox 730 940 805 1020; x_wconf 81' lang='grc' dir='ltr'><strong><em>ἔχει,</em></strong></span> <span class='ocrx_word' id='word_1_76' title='bbox 824 936 864 1003; x_wconf 84' lang='grc' dir='ltr'><strong><em>ὃν</em></strong></span> <span class='ocrx_word' id='word_1_77' title='bbox 877 938 897 1021; x_wconf 78' lang='grc' dir='ltr'><em>ἡ</em></span> <span class='ocrx_word' id='word_1_78' title='bbox 912 942 975 1002; x_wconf 92' lang='grc' dir='ltr'><strong><em>ΕΖ</em></strong></span> <span class='ocrx_word' id='word_1_79' title='bbox 993 939 1082 1024; x_wconf 82' lang='grc' dir='ltr'><strong><em>πρὸς</em></strong></span> <span class='ocrx_word' id='word_1_80' title='bbox 1098 937 1173 1000; x_wconf 90' lang='grc' dir='ltr'><strong><em>ΖΗ.</em></strong></span> 
     </span>
     <span class='ocr_line' id='line_1_9' title="bbox 225 1042 1174 1131; baseline -0.004 -23"><span class='ocrx_word' id='word_1_81' title='bbox 225 1042 310 1126; x_wconf 83' lang='grc' dir='ltr'><strong><em>ἀλλ’,</em></strong></span> <span class='ocrx_word' id='word_1_82' title='bbox 338 1045 368 1108; x_wconf 82' lang='grc' dir='ltr'><strong><em>ελ</em></strong></span> <span class='ocrx_word' id='word_1_83' title='bbox 390 1044 545 1127; x_wconf 82' lang='grc' dir='ltr'><strong><em>δυνατόν,</em></strong></span> <span class='ocrx_word' id='word_1_84' title='bbox 569 1043 665 1126; x_wconf 81' lang='grc' dir='ltr'><strong><em>ἐχέτω</em></strong></span> <span class='ocrx_word' id='word_1_85' title='bbox 689 1043 709 1126; x_wconf 80' lang='grc' dir='ltr'><em>ἡ</em></span> <span class='ocrx_word' id='word_1_86' title='bbox 732 1046 797 1108; x_wconf 91' lang='grc' dir='ltr'><strong><em>ΑΒ</em></strong></span> <span class='ocrx_word' id='word_1_87' title='bbox 820 1045 903 1131; x_wconf 83' lang='grc' dir='ltr'><strong><em>πρὸς</em></strong></span> <span class='ocrx_word' id='word_1_88' title='bbox 925 1048 994 1109; x_wconf 90' lang='grc' dir='ltr'><strong><em>ΒΓ</em></strong></span> <span class='ocrx_word' id='word_1_89' title='bbox 1012 1044 1174 1110; x_wconf 80' lang='grc' dir='ltr'><strong><em>ἐλάττονα</em></strong></span> 
     </span>
     <span class='ocr_line' id='line_1_10' title="bbox 158 1149 1244 1238; baseline -0.003 -23"><span class='ocrx_word' id='word_1_90' title='bbox 158 1153 259 1232; x_wconf 82' lang='grc' dir='ltr'><strong><em>λόγον</em></strong></span> <span class='ocrx_word' id='word_1_91' title='bbox 286 1151 368 1236; x_wconf 78' lang='grc' dir='ltr'><strong><em>ἥπερ</em></strong></span> <span class='ocrx_word' id='word_1_92' title='bbox 396 1150 416 1234; x_wconf 71' lang='grc' dir='ltr'>ἡ</span> <span class='ocrx_word' id='word_1_93' title='bbox 443 1154 507 1214; x_wconf 92' lang='grc' dir='ltr'><strong><em>ΕΖ</em></strong></span> <span class='ocrx_word' id='word_1_94' title='bbox 534 1151 616 1236; x_wconf 82' lang='grc' dir='ltr'><strong><em>πρὸς</em></strong></span> <span class='ocrx_word' id='word_1_95' title='bbox 645 1153 730 1214; x_wconf 91' lang='grc' dir='ltr'><strong><em>ΖΗ·</em></strong></span> <span class='ocrx_word' id='word_1_96' title='bbox 760 1149 780 1233; x_wconf 81' lang='grc' dir='ltr'><strong><em>ἡ</em></strong></span> <span class='ocrx_word' id='word_1_97' title='bbox 808 1155 872 1216; x_wconf 91' lang='grc' dir='ltr'><strong><em>ΕΖ</em></strong></span> <span class='ocrx_word' id='word_1_98' title='bbox 899 1153 963 1238; x_wconf 76' lang='grc' dir='ltr'><strong><em>ἄρα</em></strong></span> <span class='ocrx_word' id='word_1_99' title='bbox 990 1152 1078 1235; x_wconf 83' lang='grc' dir='ltr'><strong><em>πρὸς</em></strong></span> <span class='ocrx_word' id='word_1_100' title='bbox 1107 1150 1178 1213; x_wconf 91' lang='grc' dir='ltr'><strong><em>ΖΗ</em></strong></span> <span class='ocrx_word' id='word_1_101' title='bbox 1243 1169 1244 1172; x_wconf 71' lang='grc'>’</span> 
     </span>
    </p>

    <p class='ocr_par' dir='ltr' id='par_1_4' title="bbox 108 1256 1247 1771">
     <span class='ocr_line' id='line_1_11' title="bbox 108 1256 1245 1354; baseline -0.005 -31"><span class='ocrx_word' id='word_1_102' title='bbox 108 1277 141 1324; x_wconf 83' lang='grc'><strong><em>10</em></strong></span> <span class='ocrx_word' id='word_1_103' title='bbox 159 1260 290 1340; x_wconf 83' lang='grc' dir='ltr'><strong><em>μείζονα</em></strong></span> <span class='ocrx_word' id='word_1_104' title='bbox 318 1259 418 1338; x_wconf 82' lang='grc' dir='ltr'><strong><em>λόγον</em></strong></span> <span class='ocrx_word' id='word_1_105' title='bbox 446 1259 511 1339; x_wconf 83' lang='grc' dir='ltr'><strong><em>έχει</em></strong></span> <span class='ocrx_word' id='word_1_106' title='bbox 543 1257 624 1342; x_wconf 72' lang='grc' dir='ltr'><strong><em>ἤπερ</em></strong></span> <span class='ocrx_word' id='word_1_107' title='bbox 657 1256 678 1339; x_wconf 82' lang='grc' dir='ltr'><strong><em>ἡ</em></strong></span> <span class='ocrx_word' id='word_1_108' title='bbox 705 1261 771 1321; x_wconf 95' lang='grc' dir='ltr'><strong><em>ΑΒ</em></strong></span> <span class='ocrx_word' id='word_1_109' title='bbox 803 1259 886 1344; x_wconf 80' lang='grc' dir='ltr'><strong><em>πρὸς</em></strong></span> <span class='ocrx_word' id='word_1_110' title='bbox 912 1261 982 1324; x_wconf 91' lang='grc' dir='ltr'><strong><em>ΒΓ.</em></strong></span> <span class='ocrx_word' id='word_1_111' title='bbox 1035 1259 1076 1324; x_wconf 90' lang='grc' dir='ltr'><strong><em>τὸ</em></strong></span> <span class='ocrx_word' id='word_1_112' title='bbox 1111 1257 1173 1340; x_wconf 77' lang='grc' dir='ltr'><strong><em>ἄρα</em></strong></span> <span class='ocrx_word' id='word_1_113' title='bbox 1244 1284 1245 1354; x_wconf 64' lang='grc' dir='ltr'><strong><em>χ</em></strong></span> 
     </span>
     <span class='ocr_line' id='line_1_12' title="bbox 158 1362 1245 1449; baseline -0.001 -22"><span class='ocrx_word' id='word_1_114' title='bbox 158 1367 267 1427; x_wconf 89' lang='grc' dir='ltr'><strong><em>ΕΖΗ</em></strong></span> <span class='ocrx_word' id='word_1_115' title='bbox 284 1367 449 1449; x_wconf 81' lang='grc' dir='ltr'><strong><em>τρίγωνον</em></strong></span> <span class='ocrx_word' id='word_1_116' title='bbox 472 1366 607 1429; x_wconf 83' lang='grc' dir='ltr'><strong><em>ἔλαττόν</em></strong></span> <span class='ocrx_word' id='word_1_117' title='bbox 630 1362 701 1428; x_wconf 85' lang='grc' dir='ltr'><strong><em>ἐστι</em></strong></span> <span class='ocrx_word' id='word_1_118' title='bbox 720 1373 780 1429; x_wconf 89' lang='grc' dir='ltr'><strong><em>τοῦ</em></strong></span> <span class='ocrx_word' id='word_1_119' title='bbox 802 1367 909 1429; x_wconf 94' lang='grc' dir='ltr'><strong><em>ΑΒΓ</em></strong></span> <span class='ocrx_word' id='word_1_120' title='bbox 933 1365 990 1429; x_wconf 82' lang='grc' dir='ltr'><strong><em>διδ</em></strong></span> <span class='ocrx_word' id='word_1_121' title='bbox 1019 1366 1062 1430; x_wconf 85' lang='grc' dir='ltr'><strong><em>τδι</em></strong></span> <span class='ocrx_word' id='word_1_122' title='bbox 1087 1364 1171 1445; x_wconf 85' lang='grc' dir='ltr'><strong><em>δειχ-</em></strong></span> <span class='ocrx_word' id='word_1_123' title='bbox 1244 1389 1245 1394; x_wconf 61' lang='grc'>’</span> 
     </span>
     <span class='ocr_line' id='line_1_13' title="bbox 159 1469 1246 1557; baseline -0.005 -21"><span class='ocrx_word' id='word_1_124' title='bbox 159 1470 275 1536; x_wconf 87' lang='grc' dir='ltr'><strong><em>θέντα·</em></strong></span> <span class='ocrx_word' id='word_1_125' title='bbox 305 1471 383 1557; x_wconf 82' lang='grc' dir='ltr'><strong><em>ὅπερ</em></strong></span> <span class='ocrx_word' id='word_1_126' title='bbox 411 1472 547 1536; x_wconf 78' lang='grc' dir='ltr'><strong><em>ἄτοπον·</em></strong></span> <span class='ocrx_word' id='word_1_127' title='bbox 575 1469 725 1535; x_wconf 79' lang='grc' dir='ltr'><strong><em>ὑπέκειτο</em></strong></span> <span class='ocrx_word' id='word_1_128' title='bbox 753 1472 816 1557; x_wconf 77' lang='grc' dir='ltr'><strong><em>γὰρ</em></strong></span> <span class='ocrx_word' id='word_1_129' title='bbox 844 1474 963 1556; x_wconf 81' lang='grc' dir='ltr'><strong><em>μεῖζον.</em></strong></span> <span class='ocrx_word' id='word_1_130' title='bbox 1016 1473 1080 1537; x_wconf 86' lang='grc' dir='ltr'><strong><em>οὐκ</em></strong></span> <span class='ocrx_word' id='word_1_131' title='bbox 1109 1471 1171 1554; x_wconf 77' lang='grc' dir='ltr'><strong><em>ἄρα</em></strong></span> <span class='ocrx_word' id='word_1_132' title='bbox 1245 1506 1246 1556; x_wconf 59' lang='grc' dir='ltr'><strong><em>χ</em></strong></span> 
     </span>
     <span class='ocr_line' id='line_1_14' title="bbox 157 1576 1171 1663; baseline -0.003 -20"><span class='ocrx_word' id='word_1_133' title='bbox 157 1577 178 1661; x_wconf 80' lang='grc' dir='ltr'>ἡ</span> <span class='ocrx_word' id='word_1_134' title='bbox 197 1583 263 1643; x_wconf 89' lang='grc' dir='ltr'><strong><em>ΑΒ</em></strong></span> <span class='ocrx_word' id='word_1_135' title='bbox 286 1578 369 1659; x_wconf 79' lang='grc' dir='ltr'><strong><em>πρὸς</em></strong></span> <span class='ocrx_word' id='word_1_136' title='bbox 387 1580 455 1642; x_wconf 95' lang='grc' dir='ltr'><strong><em>ΒΓ</em></strong></span> <span class='ocrx_word' id='word_1_137' title='bbox 474 1576 631 1642; x_wconf 80' lang='grc' dir='ltr'><strong><em>ἐλάττονα</em></strong></span> <span class='ocrx_word' id='word_1_138' title='bbox 653 1579 753 1659; x_wconf 80' lang='grc' dir='ltr'><strong><em>λόγον</em></strong></span> <span class='ocrx_word' id='word_1_139' title='bbox 771 1580 836 1660; x_wconf 87' lang='grc' dir='ltr'><strong><em>ἐχει</em></strong></span> <span class='ocrx_word' id='word_1_140' title='bbox 854 1579 937 1663; x_wconf 80' lang='grc' dir='ltr'><strong><em>ἥπερ</em></strong></span> <span class='ocrx_word' id='word_1_141' title='bbox 960 1577 981 1662; x_wconf 81' lang='grc' dir='ltr'><em>ἡ</em></span> <span class='ocrx_word' id='word_1_142' title='bbox 999 1584 1064 1643; x_wconf 91' lang='grc' dir='ltr'><strong><em>ΕΖ</em></strong></span> <span class='ocrx_word' id='word_1_143' title='bbox 1088 1576 1171 1662; x_wconf 77' lang='grc' dir='ltr'><strong><em>πρὸς</em></strong></span> 
     </span>
     <span class='ocr_line' id='line_1_15' title="bbox 160 1680 1247 1771; baseline -0.004 -21"><span class='ocrx_word' id='word_1_144' title='bbox 160 1690 235 1750; x_wconf 91' lang='grc' dir='ltr'><strong><em>ΖΗ.</em></strong></span> <span class='ocrx_word' id='word_1_145' title='bbox 273 1685 406 1769; x_wconf 78' lang='grc' dir='ltr'><strong><em>ἐδείχθη</em></strong></span> <span class='ocrx_word' id='word_1_146' title='bbox 427 1682 474 1768; x_wconf 79' lang='grc' dir='ltr'><strong><em>δέ,</em></strong></span> <span class='ocrx_word' id='word_1_147' title='bbox 497 1683 547 1748; x_wconf 85' lang='grc' dir='ltr'><strong><em>ὅτι</em></strong></span> <span class='ocrx_word' id='word_1_148' title='bbox 571 1680 650 1749; x_wconf 73' lang='grc' dir='ltr'><strong><em>οὐδὲ</em></strong></span> <span class='ocrx_word' id='word_1_149' title='bbox 667 1684 726 1748; x_wconf 89' lang='grc' dir='ltr'><strong><em>τὸν</em></strong></span> <span class='ocrx_word' id='word_1_150' title='bbox 745 1683 860 1749; x_wconf 85' lang='grc' dir='ltr'><strong><em>αὐτόν·</em></strong></span> <span class='ocrx_word' id='word_1_151' title='bbox 883 1683 985 1767; x_wconf 81' lang='grc' dir='ltr'><strong><em>ἡΑΒ</em></strong></span> <span class='ocrx_word' id='word_1_152' title='bbox 1004 1686 1069 1771; x_wconf 79' lang='grc' dir='ltr'><strong><em>ἄρα</em></strong></span> <span class='ocrx_word' id='word_1_153' title='bbox 1087 1683 1170 1769; x_wconf 77' lang='grc' dir='ltr'><strong><em>πρὸς</em></strong></span> <span class='ocrx_word' id='word_1_154' title='bbox 1246 1728 1247 1734; x_wconf 38' lang='lat'>1</span> 
     </span>
    </p>

    <p class='ocr_par' dir='ltr' id='par_1_5' title="bbox 107 1790 1028 1878">
     <span class='ocr_line' id='line_1_16' title="bbox 107 1790 1028 1878; baseline 0.001 -22"><span class='ocrx_word' id='word_1_155' title='bbox 107 1809 140 1856; x_wconf 81' lang='lat'><strong><em>15</em></strong></span> <span class='ocrx_word' id='word_1_156' title='bbox 160 1796 228 1857; x_wconf 92' lang='grc' dir='ltr'><strong><em>ΒΓ</em></strong></span> <span class='ocrx_word' id='word_1_157' title='bbox 245 1796 376 1878; x_wconf 82' lang='grc' dir='ltr'><strong><em>μείζονα</em></strong></span> <span class='ocrx_word' id='word_1_158' title='bbox 399 1793 500 1873; x_wconf 82' lang='grc' dir='ltr'><strong><em>λόγον</em></strong></span> <span class='ocrx_word' id='word_1_159' title='bbox 523 1793 587 1874; x_wconf 80' lang='grc' dir='ltr'><strong><em>ἔχει</em></strong></span> <span class='ocrx_word' id='word_1_160' title='bbox 610 1791 692 1876; x_wconf 76' lang='grc' dir='ltr'><strong><em>ἤπερ</em></strong></span> <span class='ocrx_word' id='word_1_161' title='bbox 715 1790 736 1874; x_wconf 78' lang='grc' dir='ltr'><em>ἡ</em></span> <span class='ocrx_word' id='word_1_162' title='bbox 759 1794 823 1854; x_wconf 92' lang='grc' dir='ltr'><strong><em>ΕΖ</em></strong></span> <span class='ocrx_word' id='word_1_163' title='bbox 845 1792 928 1877; x_wconf 80' lang='grc' dir='ltr'><strong><em>πρὸς</em></strong></span> <span class='ocrx_word' id='word_1_164' title='bbox 952 1796 1028 1857; x_wconf 92' lang='grc' dir='ltr'><strong><em>ΖΗ.</em></strong></span> 
     </span>
    </p>
   </div>
   <div class='ocr_carea' id='block_1_3' title="bbox 106 2019 1164 2977">
    <p class='ocr_par' dir='ltr' id='par_1_6' title="bbox 633 2019 698 2105">
     <span class='ocr_line' id='line_1_17' title="bbox 633 2019 698 2105; baseline 0 -20"><span class='ocrx_word' id='word_1_165' title='bbox 633 2019 698 2105; x_wconf 84' lang='grc' dir='ltr'><strong><em>κβ’.</em></strong></span> 
     </span>
    </p>

    <p class='ocr_par' dir='ltr' id='par_1_7' title="bbox 106 2144 1164 2554">
     <span class='ocr_line' id='line_1_18' title="bbox 230 2144 1164 2231; baseline -0.002 -19"><span class='ocrx_word' id='word_1_166' title='bbox 230 2148 295 2212; x_wconf 82' lang='grc' dir='ltr'><strong><em>Γον</em></strong></span> <span class='ocrx_word' id='word_1_167' title='bbox 314 2144 458 2211; x_wconf 85' lang='grc' dir='ltr'><strong><em>δοθέντα</em></strong></span> <span class='ocrx_word' id='word_1_168' title='bbox 477 2156 584 2212; x_wconf 85' lang='grc' dir='ltr'><strong><em>κῶνον</em></strong></span> <span class='ocrx_word' id='word_1_169' title='bbox 604 2147 769 2230; x_wconf 80' lang='grc' dir='ltr'><strong><em>σκαληνὸν</em></strong></span> <span class='ocrx_word' id='word_1_170' title='bbox 786 2158 895 2230; x_wconf 80' lang='grc' dir='ltr'><strong><em>τεμεῖν</em></strong></span> <span class='ocrx_word' id='word_1_171' title='bbox 919 2147 975 2211; x_wconf 89' lang='grc' dir='ltr'><strong><em>διδι</em></strong></span> <span class='ocrx_word' id='word_1_172' title='bbox 993 2156 1050 2230; x_wconf 75' lang='grc' dir='ltr'><strong><em>τῆς</em></strong></span> <span class='ocrx_word' id='word_1_173' title='bbox 1068 2168 1164 2231; x_wconf 81' lang='grc' dir='ltr'><strong><em>κορυ-</em></strong></span> 
     </span>
     <span class='ocr_line' id='line_1_19' title="bbox 159 2250 1164 2342; baseline 0 -23"><span class='ocrx_word' id='word_1_174' title='bbox 159 2264 224 2339; x_wconf 82' lang='grc' dir='ltr'><strong><em>φῆς</em></strong></span> <span class='ocrx_word' id='word_1_175' title='bbox 243 2253 385 2342; x_wconf 87' lang='grc' dir='ltr'><strong><em>ἐπιπέδῳ</em></strong></span> <span class='ocrx_word' id='word_1_176' title='bbox 403 2261 556 2318; x_wconf 87' lang='grc' dir='ltr'><strong><em>ποιοῦντι</em></strong></span> <span class='ocrx_word' id='word_1_177' title='bbox 577 2251 613 2317; x_wconf 88' lang='grc' dir='ltr'><strong><em>ἐν</em></strong></span> <span class='ocrx_word' id='word_1_178' title='bbox 631 2261 676 2341; x_wconf 79' lang='grc' dir='ltr'><strong><em>τῳ</em></strong></span> <span class='ocrx_word' id='word_1_179' title='bbox 695 2252 791 2341; x_wconf 83' lang='grc' dir='ltr'><strong><em>κώνῳ</em></strong></span> <span class='ocrx_word' id='word_1_180' title='bbox 809 2256 974 2338; x_wconf 82' lang='grc' dir='ltr'><strong><em>τρίγωνον</em></strong></span> <span class='ocrx_word' id='word_1_181' title='bbox 994 2250 1164 2326; x_wconf 75' lang='grc' dir='ltr'><strong><em>ἰσοσκελές.</em></strong></span> 
     </span>
     <span class='ocr_line' id='line_1_20' title="bbox 226 2355 1163 2444; baseline -0.003 -17"><span class='ocrx_word' id='word_1_182' title='bbox 226 2364 308 2427; x_wconf 81' lang='grc' dir='ltr'><strong><em>ἔστω</em></strong></span> <span class='ocrx_word' id='word_1_183' title='bbox 327 2360 345 2427; x_wconf 87' lang='grc' dir='ltr'>ὁ</span> <span class='ocrx_word' id='word_1_184' title='bbox 365 2357 479 2436; x_wconf 80' lang='grc' dir='ltr'><strong><em>δοθεὶς</em></strong></span> <span class='ocrx_word' id='word_1_185' title='bbox 496 2370 602 2435; x_wconf 79' lang='grc' dir='ltr'><strong><em>κῶνος</em></strong></span> <span class='ocrx_word' id='word_1_186' title='bbox 619 2362 791 2442; x_wconf 79' lang='grc' dir='ltr'><strong><em>σκωληνός,</em></strong></span> <span class='ocrx_word' id='word_1_187' title='bbox 814 2355 855 2425; x_wconf 86' lang='grc' dir='ltr'><strong><em>οὗ</em></strong></span> <span class='ocrx_word' id='word_1_188' title='bbox 873 2357 960 2437; x_wconf 79' lang='grc' dir='ltr'><strong><em>ἄξων</em></strong></span> <span class='ocrx_word' id='word_1_189' title='bbox 978 2357 1040 2444; x_wconf 83' lang='grc' dir='ltr'><strong><em>μέν</em></strong></span> <span class='ocrx_word' id='word_1_190' title='bbox 1057 2361 1163 2440; x_wconf 86' lang='grc' dir='ltr'><em>ὁΑΒ,</em></span> 
     </span>
     <span class='ocr_line' id='line_1_21' title="bbox 106 2463 1163 2554; baseline 0.001 -22"><span class='ocrx_word' id='word_1_191' title='bbox 106 2485 141 2533; x_wconf 78' lang='lat'><strong><em>20</em></strong></span> <span class='ocrx_word' id='word_1_192' title='bbox 159 2470 255 2554; x_wconf 77' lang='grc' dir='ltr'><strong><em>βάσις</em></strong></span> <span class='ocrx_word' id='word_1_193' title='bbox 278 2465 314 2533; x_wconf 79' lang='grc' dir='ltr'><strong><em>δέ</em></strong></span> <span class='ocrx_word' id='word_1_194' title='bbox 337 2467 355 2534; x_wconf 82' lang='grc' dir='ltr'>ὁ</span> <span class='ocrx_word' id='word_1_195' title='bbox 376 2470 474 2532; x_wconf 87' lang='grc' dir='ltr'><strong><em>ΓΕΔ</em></strong></span> <span class='ocrx_word' id='word_1_196' title='bbox 496 2467 623 2550; x_wconf 81' lang='grc' dir='ltr'><strong><em>κύκλος,</em></strong></span> <span class='ocrx_word' id='word_1_197' title='bbox 646 2463 702 2530; x_wconf 80' lang='grc' dir='ltr'><strong><em>καὶ</em></strong></span> <span class='ocrx_word' id='word_1_198' title='bbox 725 2463 802 2532; x_wconf 85' lang='grc' dir='ltr'><strong><em>δέον</em></strong></span> <span class='ocrx_word' id='word_1_199' title='bbox 825 2469 907 2531; x_wconf 81' lang='grc' dir='ltr'><strong><em>ἔστω</em></strong></span> <span class='ocrx_word' id='word_1_200' title='bbox 926 2479 1036 2551; x_wconf 79' lang='grc' dir='ltr'><strong><em>τεμεῖν</em></strong></span> <span class='ocrx_word' id='word_1_201' title='bbox 1054 2467 1163 2546; x_wconf 82' lang='grc' dir='ltr'><strong><em>αὐτόν,</em></strong></span> 
     </span>
    </p>

    <p class='ocr_par' dir='ltr' id='par_1_8' title="bbox 127 2573 1161 2977">
     <span class='ocr_line' id='line_1_22' title="bbox 159 2573 436 2652; baseline -0.007 -12"><span class='ocrx_word' id='word_1_202' title='bbox 159 2577 203 2652; x_wconf 83' lang='grc' dir='ltr'><strong><em>ὡς</em></strong></span> <span class='ocrx_word' id='word_1_203' title='bbox 226 2573 436 2640; x_wconf 79' lang='grc' dir='ltr'><strong><em>ἐπιτέτακται.</em></strong></span> 
     </span>
     <span class='ocr_line' id='line_1_23' title="bbox 224 2677 1161 2767; baseline -0.002 -21"><span class='ocrx_word' id='word_1_204' title='bbox 224 2682 397 2765; x_wconf 81' lang='grc' dir='ltr'><strong><em>τετμήσθω</em></strong></span> <span class='ocrx_word' id='word_1_205' title='bbox 424 2690 557 2766; x_wconf 80' lang='grc' dir='ltr'><strong><em>πρῶτον</em></strong></span> <span class='ocrx_word' id='word_1_206' title='bbox 584 2680 640 2745; x_wconf 85' lang='grc' dir='ltr'><strong><em>διὰ</em></strong></span> <span class='ocrx_word' id='word_1_207' title='bbox 667 2687 727 2744; x_wconf 86' lang='grc' dir='ltr'><strong><em>τοῦ</em></strong></span> <span class='ocrx_word' id='word_1_208' title='bbox 754 2677 872 2757; x_wconf 80' lang='grc' dir='ltr'><strong><em>λλξονος</em></strong></span> <span class='ocrx_word' id='word_1_209' title='bbox 897 2688 943 2767; x_wconf 79' lang='grc' dir='ltr'><strong><em>τῳ</em></strong></span> <span class='ocrx_word' id='word_1_210' title='bbox 966 2684 999 2743; x_wconf 94' lang='grc' dir='ltr'><em>Α</em></span> <span class='ocrx_word' id='word_1_211' title='bbox 1005 2682 1072 2745; x_wconf 85' lang='grc' dir='ltr'><strong><em>ΓΔ</em></strong></span> <span class='ocrx_word' id='word_1_212' title='bbox 1099 2680 1161 2747; x_wconf 86' lang='grc' dir='ltr'><strong><em>ἐπι-</em></strong></span> 
     </span>
     <span class='ocr_line' id='line_1_24' title="bbox 127 2784 1160 2876; baseline 0.001 -23"><span class='ocrx_word' id='word_1_213' title='bbox 127 2831 129 2838; x_wconf 91' lang='lat'>·</span> <span class='ocrx_word' id='word_1_214' title='bbox 158 2786 246 2876; x_wconf 90' lang='grc' dir='ltr'><strong><em>πέδῳ</em></strong></span> <span class='ocrx_word' id='word_1_215' title='bbox 270 2788 352 2874; x_wconf 82' lang='grc' dir='ltr'><strong><em>πρὸς</em></strong></span> <span class='ocrx_word' id='word_1_216' title='bbox 374 2786 480 2872; x_wconf 79' lang='grc' dir='ltr'><strong><em>ὀρθὰς</em></strong></span> <span class='ocrx_word' id='word_1_217' title='bbox 502 2789 574 2853; x_wconf 77' lang='grc' dir='ltr'><strong><em>ὄντι</em></strong></span> <span class='ocrx_word' id='word_1_218' title='bbox 601 2795 647 2874; x_wconf 76' lang='grc' dir='ltr'><strong><em>τῷ</em></strong></span> <span class='ocrx_word' id='word_1_219' title='bbox 672 2789 771 2851; x_wconf 85' lang='grc' dir='ltr'><strong><em>ΓΕΔ</em></strong></span> <span class='ocrx_word' id='word_1_220' title='bbox 798 2788 923 2874; x_wconf 84' lang='grc' dir='ltr'><strong><em>κύκλῳ,</em></strong></span> <span class='ocrx_word' id='word_1_221' title='bbox 950 2784 1005 2851; x_wconf 79' lang='grc' dir='ltr'><strong><em>κοιλ</em></strong></span> <span class='ocrx_word' id='word_1_222' title='bbox 1028 2784 1160 2871; x_wconf 77' lang='grc' dir='ltr'><strong><em>ἢχθωὴ</em></strong></span> 
     </span>
     <span class='ocr_line' id='line_1_25' title="bbox 159 2890 1161 2977; baseline -0.001 -18"><span class='ocrx_word' id='word_1_223' title='bbox 159 2899 236 2960; x_wconf 90' lang='grc' dir='ltr'><strong><em>ΑΗ</em></strong></span> <span class='ocrx_word' id='word_1_224' title='bbox 249 2894 398 2976; x_wconf 83' lang='grc' dir='ltr'><strong><em>κάθετος,</em></strong></span> <span class='ocrx_word' id='word_1_225' title='bbox 420 2893 492 2976; x_wconf 68' lang='grc' dir='ltr'><strong><em>ἥτις</em></strong></span> <span class='ocrx_word' id='word_1_226' title='bbox 509 2896 619 2958; x_wconf 87' lang='grc' dir='ltr'><strong><em>πίπτει</em></strong></span> <span class='ocrx_word' id='word_1_227' title='bbox 638 2890 691 2957; x_wconf 81' lang='grc' dir='ltr'><strong><em>ἐπὶ</em></strong></span> <span class='ocrx_word' id='word_1_228' title='bbox 708 2893 770 2975; x_wconf 76' lang='grc' dir='ltr'><strong><em>τὴν</em></strong></span> <span class='ocrx_word' id='word_1_229' title='bbox 790 2895 854 2957; x_wconf 85' lang='grc' dir='ltr'><strong><em>ΓΔ</em></strong></span> <span class='ocrx_word' id='word_1_230' title='bbox 871 2893 971 2977; x_wconf 76' lang='grc' dir='ltr'><strong><em>βάσιν</em></strong></span> <span class='ocrx_word' id='word_1_231' title='bbox 988 2903 1049 2958; x_wconf 91' lang='grc' dir='ltr'><strong><em>τοῦ</em></strong></span> <span class='ocrx_word' id='word_1_232' title='bbox 1069 2897 1161 2960; x_wconf 84' lang='grc' dir='ltr'><strong><em>ΑΓΛ</em></strong></span> 
     </span>
    </p>
   </div>
   <div class='ocr_carea' id='block_1_4' title="bbox 107 2997 1162 3303">
    <p class='ocr_par' dir='ltr' id='par_1_9' title="bbox 107 2997 1162 3303">
     <span class='ocr_line' id='line_1_26' title="bbox 107 2997 1161 3089; baseline 0.001 -25"><span class='ocrx_word' id='word_1_233' title='bbox 107 3017 140 3064; x_wconf 77' lang='lat'><strong><em>25</em></strong></span> <span class='ocrx_word' id='word_1_234' title='bbox 159 3002 338 3089; x_wconf 79' lang='grc' dir='ltr'><strong><em>τριγώνου,</em></strong></span> <span class='ocrx_word' id='word_1_235' title='bbox 365 2997 420 3064; x_wconf 82' lang='grc' dir='ltr'><strong><em>καὶ</em></strong></span> <span class='ocrx_word' id='word_1_236' title='bbox 448 3007 487 3085; x_wconf 73' lang='grc' dir='ltr'><strong><em>τῇ</em></strong></span> <span class='ocrx_word' id='word_1_237' title='bbox 517 3002 581 3064; x_wconf 87' lang='grc' dir='ltr'><strong><em>ΓΔ</em></strong></span> <span class='ocrx_word' id='word_1_238' title='bbox 611 3000 695 3086; x_wconf 81' lang='grc' dir='ltr'><strong><em>πρὸς</em></strong></span> <span class='ocrx_word' id='word_1_239' title='bbox 721 2998 828 3086; x_wconf 81' lang='grc' dir='ltr'><strong><em>ὀρθὰς</em></strong></span> <span class='ocrx_word' id='word_1_240' title='bbox 856 3001 950 3084; x_wconf 76' lang='grc' dir='ltr'><strong><em>ἤχθω</em></strong></span> <span class='ocrx_word' id='word_1_241' title='bbox 979 2998 1015 3065; x_wconf 87' lang='grc' dir='ltr'><strong><em>ἐν</em></strong></span> <span class='ocrx_word' id='word_1_242' title='bbox 1038 3011 1085 3089; x_wconf 79' lang='grc' dir='ltr'><strong><em>τῳ</em></strong></span> <span class='ocrx_word' id='word_1_243' title='bbox 1107 3007 1161 3065; x_wconf 84' lang='grc' dir='ltr'><strong><em>τοῦ</em></strong></span> 
     </span>
     <span class='ocr_line' id='line_1_27' title="bbox 158 3103 1162 3194; baseline -0.002 -20"><span class='ocrx_word' id='word_1_244' title='bbox 158 3110 281 3174; x_wconf 83' lang='grc' dir='ltr'><strong><em>κύκλον</em></strong></span> <span class='ocrx_word' id='word_1_245' title='bbox 310 3106 451 3194; x_wconf 87' lang='grc' dir='ltr'><strong><em>ἐπιπέδῳ</em></strong></span> <span class='ocrx_word' id='word_1_246' title='bbox 479 3105 499 3188; x_wconf 80' lang='grc' dir='ltr'><em>ἡ</em></span> <span class='ocrx_word' id='word_1_247' title='bbox 527 3110 605 3189; x_wconf 84' lang='grc' dir='ltr'><strong><em>ΕΖ,</em></strong></span> <span class='ocrx_word' id='word_1_248' title='bbox 632 3103 687 3170; x_wconf 79' lang='grc' dir='ltr'><strong><em>καὶ</em></strong></span> <span class='ocrx_word' id='word_1_249' title='bbox 714 3106 770 3170; x_wconf 89' lang='grc' dir='ltr'><strong><em>διδι</em></strong></span> <span class='ocrx_word' id='word_1_250' title='bbox 797 3114 855 3189; x_wconf 78' lang='grc' dir='ltr'><strong><em>τῆς</em></strong></span> <span class='ocrx_word' id='word_1_251' title='bbox 881 3110 944 3170; x_wconf 92' lang='grc' dir='ltr'><strong><em>ΕΖ</em></strong></span> <span class='ocrx_word' id='word_1_252' title='bbox 971 3104 1027 3171; x_wconf 84' lang='grc' dir='ltr'><strong><em>καὶ</em></strong></span> <span class='ocrx_word' id='word_1_253' title='bbox 1055 3111 1162 3192; x_wconf 79' lang='grc' dir='ltr'><strong><em>τῆςΑ</em></strong></span> 
     </span>
     <span class='ocr_line' id='line_1_28' title="bbox 158 3212 1160 3303; baseline -0.004 -22"><span class='ocrx_word' id='word_1_254' title='bbox 158 3224 308 3303; x_wconf 77' lang='grc' dir='ltr'><strong><em>κορυφῆς</em></strong></span> <span class='ocrx_word' id='word_1_255' title='bbox 343 3213 554 3298; x_wconf 81' lang='grc' dir='ltr'><strong><em>ἐκβεβλήσθω</em></strong></span> <span class='ocrx_word' id='word_1_256' title='bbox 588 3213 625 3278; x_wconf 89' lang='grc' dir='ltr'><strong><em>τὸ</em></strong></span> <span class='ocrx_word' id='word_1_257' title='bbox 659 3212 815 3278; x_wconf 76' lang='grc' dir='ltr'><strong><em>ἐπίπεδον</em></strong></span> <span class='ocrx_word' id='word_1_258' title='bbox 845 3222 966 3277; x_wconf 86' lang='grc' dir='ltr'><strong><em>ποιοῦν</em></strong></span> <span class='ocrx_word' id='word_1_259' title='bbox 996 3214 1034 3278; x_wconf 86' lang='grc' dir='ltr'><strong><em>τὸ</em></strong></span> <span class='ocrx_word' id='word_1_260' title='bbox 1068 3217 1160 3279; x_wconf 90' lang='grc' dir='ltr'><strong><em>ΑΕΖ</em></strong></span> 
     </span>
    </p>
   </div>
   <div class='ocr_carea' id='block_1_5' title="bbox 159 3359 368 3366">
    <p class='ocr_par' dir='ltr' id='par_1_10' title="bbox 159 3359 368 3366">
     <span class='ocr_line' id='line_1_29' title="bbox 159 3359 368 3366; baseline -0.01 0"><span class='ocrx_word' id='word_1_261' title='bbox 159 3359 368 3366; x_wconf 68' lang='lat'><em>--.—-—-</em></span> 
     </span>
    </p>
   </div>
   <div class='ocr_carea' id='block_1_6' title="bbox 161 3439 1160 3584">
    <p class='ocr_par' dir='ltr' id='par_1_11' title="bbox 161 3439 1160 3584">
     <span class='ocr_line' id='line_1_30' title="bbox 231 3439 1160 3515; baseline 0 -19"><span class='ocrx_word' id='word_1_262' title='bbox 231 3449 254 3497; x_wconf 91' lang='lat'><strong><em>1.</em></strong></span> <span class='ocrx_word' id='word_1_263' title='bbox 269 3441 326 3496; x_wconf 85' lang='grc' dir='ltr'><strong><em>ἀπό</em></strong></span> <span class='ocrx_word' id='word_1_264' title='bbox 334 3441 408 3512; x_wconf 89' lang='lat' dir='ltr'>(pr.)]</span> <span class='ocrx_word' id='word_1_265' title='bbox 418 3440 475 3494; x_wconf 79' lang='grc' dir='ltr'><strong><em>ἀπὸ</em></strong></span> <span class='ocrx_word' id='word_1_266' title='bbox 484 3447 533 3513; x_wconf 79' lang='grc' dir='ltr'><strong><em>τῆς</em></strong></span> <span class='ocrx_word' id='word_1_267' title='bbox 542 3458 568 3508; x_wconf 87' lang='lat' dir='ltr'><strong><em>p.</em></strong></span> <span class='ocrx_word' id='word_1_268' title='bbox 621 3441 723 3511; x_wconf 88' lang='grc' dir='ltr'>ΕΖΗ]</span> <span class='ocrx_word' id='word_1_269' title='bbox 737 3448 786 3508; x_wconf 80' lang='grc' dir='ltr'><strong><em>τῆς</em></strong></span> <span class='ocrx_word' id='word_1_270' title='bbox 800 3443 862 3509; x_wconf 88' lang='grc' dir='ltr'><strong><em>ΕΖ,</em></strong></span> <span class='ocrx_word' id='word_1_271' title='bbox 875 3444 931 3494; x_wconf 87' lang='grc' dir='ltr'><strong><em>ΖΗ</em></strong></span> <span class='ocrx_word' id='word_1_272' title='bbox 938 3459 964 3509; x_wconf 88' lang='lat' dir='ltr'><strong><em>p.</em></strong></span> <span class='ocrx_word' id='word_1_273' title='bbox 1016 3439 1090 3515; x_wconf 74' lang='grc' dir='ltr'><strong><em>ἴσον]</em></strong></span> <span class='ocrx_word' id='word_1_274' title='bbox 1106 3441 1160 3498; x_wconf 78' lang='grc' dir='ltr'><strong><em>ῑτον</em></strong></span> 
     </span>
     <span class='ocr_line' id='line_1_31' title="bbox 161 3509 1159 3584; baseline 0.004 -20"><span class='ocrx_word' id='word_1_275' title='bbox 161 3509 251 3580; x_wconf 80' lang='grc' dir='ltr'><strong><em>ἐοτέμ.</em></strong></span> <span class='ocrx_word' id='word_1_276' title='bbox 296 3515 349 3566; x_wconf 84' lang='grc' dir='ltr'><strong><em>καί</em></strong></span> <span class='ocrx_word' id='word_1_277' title='bbox 356 3517 423 3565; x_wconf 80' lang='grc'><strong><em>-2,</em></strong></span> <span class='ocrx_word' id='word_1_278' title='bbox 437 3509 509 3580; x_wconf 74' lang='grc' dir='ltr'><strong><em>ἴσον]</em></strong></span> <span class='ocrx_word' id='word_1_279' title='bbox 525 3526 577 3563; x_wconf 89' lang='lat' dir='ltr'><strong><em>om.</em></strong></span> <span class='ocrx_word' id='word_1_280' title='bbox 590 3526 611 3563; x_wconf 87' lang='lat' dir='ltr'><strong><em>c.</em></strong></span> <span class='ocrx_word' id='word_1_281' title='bbox 669 3516 691 3564; x_wconf 91' lang='lat'><strong><em>1.</em></strong></span> <span class='ocrx_word' id='word_1_282' title='bbox 704 3509 747 3581; x_wconf 82' lang='grc' dir='ltr'><strong><em>τό]</em></strong></span> <span class='ocrx_word' id='word_1_283' title='bbox 757 3515 831 3582; x_wconf 78' lang='grc' dir='ltr'><strong><em>τῷμ.</em></strong></span> <span class='ocrx_word' id='word_1_284' title='bbox 882 3517 906 3566; x_wconf 83' lang='lat'><strong><em>2.</em></strong></span> <span class='ocrx_word' id='word_1_285' title='bbox 918 3513 967 3584; x_wconf 79' lang='grc' dir='ltr'><strong><em>τῷ]</em></strong></span> <span class='ocrx_word' id='word_1_286' title='bbox 977 3511 1045 3582; x_wconf 72' lang='grc' dir='ltr'><strong><em>τέῳ,</em></strong></span> <span class='ocrx_word' id='word_1_287' title='bbox 1093 3511 1159 3583; x_wconf 75' lang='grc' dir='ltr'><strong><em>ἴσον]</em></strong></span> 
     </span>
    </p>
   </div>
   <div class='ocr_carea' id='block_1_7' title="bbox 0 0 1256 3928">
    <p class='ocr_par' dir='ltr' id='par_1_12' title="bbox 0 0 1256 3928">
     <span class='ocr_line' id='line_1_32' title="bbox 0 0 1256 3928; baseline 0 1"><span class='ocrx_word' id='word_1_288' title='bbox 0 0 1256 3928; x_wconf 95' lang='lat' dir='ltr'><strong><em> </em></strong></span> 
     </span>
    </p>
   </div>
  </div>
 </body>
</html>
