2592 3932
443 175 494 223 nu
514 173 690 225 snorronn
710 174 804 228 cour.
1063 173 1129 237 255

6 363 7 368 η
187 315 311 380 Rursus
343 315 380 378 in
410 316 521 380 eadem
550 317 656 401 figura
686 321 888 402 supponatur
917 324 986 383 ΑΒ
999 350 1039 372 =
1056 322 1129 404 ΓΑ,

6 429 7 432 ’
108 427 182 487 ΓΖ
196 453 238 474 =
255 426 327 486 ZH
350 444 426 486 arou
448 425 554 487 ΒΑΓ
576 422 611 486 in
634 428 667 488 A
688 423 725 486 in
747 423 827 487 duas
849 428 958 509 partes
982 426 1130 509 aequales

107 533 216 594 secto.
254 529 334 614 dieo,
357 528 514 594 oiroulum
537 534 648 594 centro
666 535 709 615 Α,
731 530 822 594 radio
846 535 954 596 autem
973 530 1130 596 alterutra

6 659 7 664 ¹
106 635 223 720 [Euol.
243 633 306 720 ΙΙΙ,
326 635 385 720 29]
417 640 578 701 rectarum
605 641 686 722 ΑΒ,
709 639 780 701 ΑΓ
807 637 1003 721 descriptum
1031 636 1129 701 etiam

6 783 7 816 2
106 763 175 827 per
197 746 319 825 puncta
341 746 386 826 Β,
408 746 449 805 H
467 741 585 806 uenire.

184 849 338 934 quoniam
375 847 460 912 enim
497 850 699 924 ΑΒΔΓΕ
719 852 828 913 ΗΖΓ
856 847 1127 934 [Eu01.111,21;

6 1007 7 1012 ,
33 953 36 956 ’
105 953 137 1039 1,
164 955 236 1040 13],
258 959 291 1018 et
313 954 470 1039 trianguli
488 957 602 1040 ΕΑΓ,
621 958 729 1019 ΗΖΓ
746 955 939 1039 aequicrurii
958 960 1043 1041 sunt,
1066 956 1127 1020 erit

107 1062 217 1128 etiam
241 1059 468 1147 [Eu01.1‚32;
490 1059 517 1146 Ι,
535 1061 570 1146 5]
594 1065 784 1137 [ΒΕΓε
799 1066 917 1141 ΒΗΓ;
939 1063 1050 1148 itaque
1074 1085 1128 1127 an-

108 1169 186 1255 guli
205 1170 311 1253 ΒΕΓ,
325 1170 433 1233 ΒΗΓ
445 1167 480 1231 in
500 1168 612 1232 eodem
631 1167 751 1233 oiroulo
771 1173 847 1233 sunt
866 1168 971 1253 [Euol.
986 1167 1045 1253 HI,
1060 1169 1127 1253 21].

106 1297 195 1361 ergo
224 1274 362 1339 circulus
391 1278 500 1339 oentro
529 1279 575 1359 Α,
601 1274 692 1339 radio
721 1279 830 1339 autem
857 1280 923 1340 AB
948 1275 1127 1361 descriptus

108 1383 217 1446 etiam
250 1403 308 1466 per
341 1384 461 1466 puncta
491 1385 533 1466 Β,
556 1384 596 1444 Η
621 1380 744 1466 ueniet3
779 1383 864 1464 quod
895 1388 964 1448 erat
997 1384 1127 1448 demon-

108 1488 294 1552 strandum.

577 1644 661 1713 LIH.

184 1771 219 1836 Si
241 1771 276 1835 in
300 1775 466 1857 segmento
491 1770 603 1836 oirouli
625 1775 732 1836 rectae
755 1771 964 1856 franguntur,
987 1771 1127 1836 maxima

111 1878 190 1961 erit,
229 1899 309 1961 quae
347 1878 386 1941 ad
422 1882 579 1962 punctum
616 1877 757 1942 medium
793 1877 985 1942 fractionem
1019 1877 1127 1963 habet,

113 1989 296 2049 ceterarum
319 1987 428 2049 autem
451 2007 576 2069 semper
594 1984 727 2069 propior
751 1984 789 2069 ei,
813 1975 893 2067 quae
913 1984 952 2048 ad
970 1988 1127 2068 punctum

114 2089 260 2155 medium
283 2094 347 2176 est,
369 2091 541 2155 remotiore
565 2091 668 2155 maior
692 2094 751 2155 est.

181 2220 257 2264 nam
284 2197 319 2261 in
347 2201 514 2282 segmento
540 2201 646 2262 ΑΒΓ
663 2197 856 2284 frangantur
879 2201 1000 2281 rectae,
1027 2200 1132 2261 ΑΒΓ

113 2305 177 2390 ita,
208 2309 245 2368 ut
278 2326 371 2369 arous
403 2306 508 2368 ΑΒΓ
532 2304 568 2368 in
601 2307 629 2366 Β
661 2304 696 2367 in
728 2305 807 2368 duas
838 2308 948 2388 partes
977 2303 1125 2387 aequales

114 2416 256 2496 secetur,
293 2411 374 2474 aliae
409 2414 517 2474 autem
548 2410 710 2494 quaelibet
739 2413 858 2493 ΑΔΓ,
881 2412 993 2473 ΑΗΓ.
1046 2408 1126 2494 dieo,

117 2520 183 2582 AB
201 2521 239 2596 -l-
257 2521 286 2580 Β
292 2518 324 2581 Γ
346 2520 469 2582 rectam
497 2516 670 2606 maximam
697 2538 766 2580 esse
790 2515 934 2580 omnium
957 2520 1127 2599 rectarum,

115 2646 199 2708 quae
222 2623 257 2687 in
280 2627 449 2709 segmento
474 2623 679 2709 frangantur,
703 2627 735 2687 et

373 2735 406 2792 Α
411 2734 444 2793 Α
461 2733 498 2810 -Ι-
516 2735 549 2794 Α
555 2732 587 2793 Γ
600 2741 633 2802 >
649 2733 725 2794 ΑΗ
737 2731 776 2810 -Ι-
792 2733 868 2794 ΗΓ.

181 2836 334 2920 quoniam
379 2857 472 2900 arcus
518 2839 584 2899 AB
605 2867 645 2887 =
666 2838 742 2919 ΒΓ,
788 2835 850 2900 erit
896 2835 995 2900 etiam
1036 2840 1124 2900 recta

113 2946 181 3008 AB
202 2973 242 2994 =
263 2945 330 3006 ΒΓ
356 2941 460 3026 [Euol.
479 2938 542 3025 ΙΗ,
559 2941 626 3024 29].
682 2946 792 3005 centro
825 2942 927 3027 igitur
960 2947 1002 3026 Β,
1034 2942 1123 3005 radio

150 3177 192 3225 17.
211 3171 368 3242 ἀπώτερον]
386 3187 414 3239 p,
434 3168 572 3237 ἀπότερον
590 3168 643 3222 Vc.
718 3174 760 3224 21.
781 3168 892 3239 εὐθεῖα]
913 3185 965 3222 om.
984 3186 1022 3247 p..
1069 3185 1123 3248 uoc-

115 3243 187 3314 σῶν]
212 3242 268 3296 des.
293 3258 308 3295 o
331 3240 478 3296 uocabulis
501 3239 644 3294 nonnullis
667 3239 770 3294 lacuna
793 3238 950 3309 absumptis
974 3241 1073 3309 (etiam
1094 3256 1124 3291 m

114 3312 238 3403 proxime
256 3311 490 3382 praecedentibus
509 3311 628 3365 lacunae
648 3310 823 3454 cpmppupes).
835 3308 1043 3435 euantlsstrpzl]
1063 3309 1124 3433 egel

114 3403 224 3510 ua.
286 3385 360 3510 tit
374 3383 581 3526 tulllius
595 3388 644 3523 ,ἰδ’
678 3399 735 3526 lt]
753 3400 868 3522 „tu
883 3426 917 3507 s
935 3425 989 3522 a„
1008 3399 1074 3506 lt
1090 3398 1123 3506 t:

151 3523 268 3600 κέντρῳ]
286 3544 341 3597 vp,
360 3546 428 3600 -τρῳ
448 3525 550 3581 lacuna
569 3526 749 3596 absumptum
767 3526 800 3580 V.
