2592 3932
179 179 243 244 298
493 183 580 233 ΠοΡι
597 181 726 234 mor
744 182 881 236 νοοιιιπ,

179 335 280 390 κῶνοι
318 326 467 403 ἰσοϋψεῖς
503 326 596 402 ὄντες
631 325 714 411 πρὸς
751 323 916 406 ἀλλήλους
951 323 1038 390 εἰσὶν
1076 326 1123 404 ὡς
1164 330 1207 394 αί

178 431 298 514 βάσεις.
344 430 415 497 ἐπεὶ
442 427 504 498 οὖν
532 432 549 497 ὁ
573 429 846 508 ΑΗΓΔκῶυος
868 432 952 517 πρὸς
972 433 1031 497 τὸν
1056 438 1166 499 ΒΘΕ
1172 441 1201 500 Ζ

178 540 377 604 διπλασίονα
405 541 507 622 λόγον
534 542 599 624 ἔχει
626 541 708 624 ἥπερ
736 538 756 622 6
781 543 820 603 Η
841 539 939 622 βάσις
966 541 1049 625 πρὸς
1077 541 1142 623 τὴν
1170 546 1202 606 Θ

178 647 288 730 βάσιν,
311 646 356 722 ὡς
379 643 416 710 δὲ
438 645 458 728 6
478 650 517 710 Η
532 646 629 728 βάσις
646 646 729 731 πρὸς
747 647 808 729 τὴν
829 650 867 728 Θ,
891 645 998 722 οὕτως
1015 645 1033 711 6
1051 650 1201 712 ΑΗΓΔ

143 768 159 816 5
178 764 285 829 κῶνος
311 754 395 838 πρὸς
411 754 479 817 ,τὸν
502 755 537 815 Κ
542 756 654 835 ΘΕΖ,
681 751 699 817 6
727 753 792 837 ἄρα
814 754 955 816 ΑΗΓΔ
977 764 1081 828 κῶνος
1100 755 1197 838 πρὸς

177 861 236 924 τὸν
264 863 397 924 ΒΘΕΖ
430 860 628 924 διπλασίονα
657 861 759 941 λόγον
790 861 855 942 ἔχει
886 859 968 943 ἥπερ
1002 859 1020 924 6
1048 862 1197 924 ΑΗΓΔ

177 967 260 1051 πρὸς
281 966 340 1030 τὸν
363 969 398 1030 Κ
403 969 514 1030 ΘΕΖ·
538 965 583 1041 ὡς
605 966 670 1051 ἄρα
693 965 710 1030 6
735 967 875 1029 ΑΗΓΔ
897 976 1004 1040 κῶνος
1026 966 1107 1051 πρὸς
1129 967 1197 1030 τὸν

176 1076 328 1156 ΚΘΒΖ,
361 1072 467 1147 οὕτως
498 1071 516 1137 6
544 1075 680 1135 ΚΘΕΖ
712 1072 795 1157 πρὸς
824 1071 882 1135 τὸν
910 1075 1055 1136 ΒΘΒΖ.
1105 1070 1196 1155 [ἐπεὶ

176 1180 293 1243 τοίνυν
316 1177 333 1244 6
357 1181 496 1242 ΑΗΓΔ
518 1189 625 1254 κῶνος
646 1179 729 1264 πρὸς
751 1178 810 1242 τὸν
833 1182 862 1241 Β
870 1181 967 1242 ΘΕΖ
991 1178 1195 1243 διπλασίονα

124 1301 158 1350 10
176 1287 278 1366 λόγον
296 1288 361 1368 ἔχει
379 1286 461 1370 ἥπερ
481 1283 498 1350 6
518 1289 553 1349 Κ
557 1289 654 1349 ΘΕΖ
671 1285 755 1371 πρὸς
773 1285 832 1349 τὸν
850 1287 997 1369 ΒΘΕΖ,
1017 1282 1193 1349 τουτέστιν

174 1392 256 1477 ἤπερ
280 1391 300 1475 ἡ
324 1395 392 1455 ΚΘ
414 1393 497 1477 πρὸς
522 1395 599 1475 ΘΒ,
623 1395 688 1475 ἔχει
711 1388 747 1456 δὲ
771 1391 789 1457 6
810 1397 842 1454 Α
851 1394 952 1454 ΗΓΔ
974 1401 1082 1468 κῶνος
1103 1394 1192 1477 πρὸς

175 1498 233 1562 τὸν
260 1501 394 1562 ΒΘΕΖ
423 1499 620 1562 διπλασίονα
647 1500 749 1579 λόγον
776 1496 831 1562 καὶ
858 1505 918 1562 τοῦ
946 1495 986 1561 ὃν
1013 1499 1079 1581 ἔχει
1106 1497 1127 1581 ἡ
1153 1503 1194 1564 Η

174 1603 270 1687 βάσις
291 1607 375 1692 πρὸς
397 1607 457 1690 τὴν
477 1610 506 1669 Θ
529 1603 637 1690 βάσιν,
661 1605 706 1680 ὡς
729 1605 794 1690 ἄρα
816 1603 836 1688 6
856 1608 895 1668 Η
908 1603 1005 1687 βάσις
1022 1605 1106 1690 πρὸς
1124 1607 1188 1690 τὴν

178 1717 207 1776 Θ
233 1712 347 1796 βάσιν,
380 1712 486 1788 οὕτως
512 1711 530 1776 6
558 1715 635 1775 ΑΗ
658 1710 746 1789 ἄξων
772 1711 855 1796 πρὸς
881 1711 940 1775 τδν
967 1715 1033 1774 ΒΘ
1060 1709 1187 1797 ἄξονα]

122 1835 155 1883 15
174 1816 229 1882 καὶ
257 1817 325 1883 ἐπεὶ
350 1821 498 1896 ἰσοϋψεῖς
520 1820 605 1882 είσιν
628 1819 663 1881 ολ
682 1820 837 1899 ΑΗΓΔ,
864 1821 1000 1882 ΚΘΕΖ
1021 1829 1140 1902 κῶνοι,
1168 1818 1187 1884 6

174 1926 239 2012 ἄρα
257 1931 289 1989 Α
295 1929 335 1989 Η
335 1928 396 1989 ΓΛ
414 1937 520 2001 κῶνος
537 1925 620 2010 πρὸς
638 1925 697 1988 τὸν
718 1927 748 1988 Κ
753 1927 849 1988 ΘΕΖ
868 1925 1065 1989 διπλασίονα
1084 1929 1187 2008 λόγον

174 2034 239 2115 ἔχει
275 2033 357 2117 ἥπερ
395 2033 431 2096 τὸ
464 2035 563 2096 ΑΓΔ
599 2034 764 2116 τρίγωνον
799 2031 883 2116 πρὸς
918 2030 955 2095 τὸ
988 2035 1103 2114 ΚΕΖ,
1141 2032 1187 2109 ὡς

174 2136 317 2222 ἐδείχθη.
364 2137 409 2214 ὡς
436 2135 472 2202 δὲ
500 2137 519 2202 6
542 2140 681 2202 ΑΗΓΔ
709 2147 815 2213 κῶνος
841 2137 924 2225 πρὸς
950 2137 1009 2201 τὸν
1032 2141 1185 2221 ΚΘΒΖ,

174 2245 279 2321 οὕτως
303 2244 320 2309 ὅ
339 2267 374 2309 τε
392 2249 427 2310 Κ
432 2249 528 2309 ΘΕΖ
547 2254 654 2319 κῶνος
671 2244 755 2329 πρὸς
772 2245 831 2308 τὸν
849 2247 983 2308 ΒΘΕΖ
1001 2254 1111 2308 κῶνον
1129 2242 1185 2308 καὶ

121 2367 156 2415 20
174 2353 211 2417 τὸ
235 2356 335 2417 ΚΕΖ
362 2354 527 2437 τρίγωνον
554 2351 637 2436 πρὸς
660 2351 697 2415 τὸ
720 2354 831 2414 ΒΕΖ·
858 2347 913 2414 καὶ
935 2350 972 2414 τὸ
996 2353 1099 2414 ΚΖΕ
1120 2351 1185 2434 ἄρα

172 2461 337 2544 τρίγωνον
363 2459 446 2544 πρὸς
472 2458 509 2522 τὸ
533 2461 632 2521 ΒΕΖ
659 2457 857 2520 διπλασίονα
884 2458 985 2539 λόγου
1013 2458 1077 2538 ἔχει
1100 2457 1183 2544 ἤπερ

172 2565 327 2628 τὸἈΓΛ
350 2565 432 2651 πρὸς
454 2565 491 2629 τὸ
510 2568 624 2628 ΚΕΖ·
647 2563 685 2628 τὸ
709 2563 775 2650 ἄρα
793 2566 892 2626 ΑΓΔ
914 2566 1078 2648 τρίγωνον
1101 2565 1185 2650 πρὸς

172 2671 209 2733 τὸ
233 2673 330 2733 ΒΕΖ
358 2673 574 2754 τριπλασίονα
600 2672 700 2752 λόγον
723 2672 790 2752 ἔχει
811 2669 894 2755 ἥπερ
916 2670 954 2734 τὸ
977 2672 1077 2734 ΑΓΔ
1099 2671 1184 2756 πρὸς

171 2775 208 2839 τὸ
232 2778 340 2839 ΚΕΖ.
388 2775 433 2851 ῶς
460 2772 497 2839 δὲ
524 2777 561 2841 τὸ
585 2780 684 2840 ΑΓΔ
712 2776 795 2862 πρὸς
821 2776 858 2840 τὸ
882 2779 999 2858 ΚΕΖ,
1028 2775 1135 2853 οὕτως
1162 2777 1183 2861 6

120 2895 153 2945 26
175 2884 235 2947 ΓΛ
258 2881 355 2965 βάσις
372 2883 455 2968 πρὸς
473 2883 534 2966 τὴν
552 2887 629 2947 ΕΖ·
654 2884 776 2965 ἰσοϋψῆ
794 2881 858 2967 ςυίρ
878 2880 946 2946 ἐστι
964 2881 1004 2945 τδι
1022 2885 1183 2969 τρίγωνα·

171 2989 208 3053 τὸ
240 2991 305 3075 ἄρα
332 2991 431 3054 ΑΓΔ
462 2991 626 3075 τρίγωνον
658 2989 741 3074 πρὸς
769 2989 806 3052 τὸ
834 2991 931 3053 ΒΕΖ
963 2991 1182 3074 τριπλασίονα

170 3098 271 3177 λόγον
294 3099 360 3179 ἔχει
381 3096 462 3180 ἥπερ
482 3093 502 3177 6
522 3097 583 3159 ΓΛ
601 3096 685 3181 πρὸς
702 3096 764 3177 τὴν
781 3098 858 3158 ΕΖ·
883 3093 963 3181 ὅπερ
982 3095 1049 3158 ἔδει
1069 3094 1180 3173 δεῖξαι.

242 3327 265 3376 5.
285 3322 415 3443 AHFA6
433 3325 515 3374 ΗΓΔ
533 3321 566 3374 V.
640 3327 663 3375 6.
683 3321 810 3392 ΑΗΓΔ]
829 3339 860 3389 v,
883 3326 995 3376 ΑΗΓΔ
1013 3332 1103 3386 κῶνος
1121 3323 1177 3393 Vp.

207 3397 230 3446 7.
250 3392 372 3461 ΑΗΓΔ]
420 3409 447 3459 p,
466 3395 540 3444 AH·
559 3389 796 3446 inras.m.1v.
860 3395 885 3446 8.
905 3390 1061 3448 ἐπεί-14.
1076 3394 1166 3460 ἄξονα

172 3475 224 3513 om.
244 3459 346 3527 Halley
365 3477 428 3514 cum
447 3460 550 3514 Oomm.
610 3466 652 3514 12.
671 3462 800 3533 ΒΘΕΖ]
820 3461 881 3531 Vp,
901 3466 1014 3518 ΒΕΘΖ
1031 3483 1056 3519 v.
1112 3463 1161 3520 καί

171 3545 201 3593 v,
230 3545 282 3582 om.
306 3531 362 3596 Vp.
465 3536 505 3585 13.
535 3531 572 3591 ὡς
599 3530 655 3599 ἄρα
679 3563 710 3572 -
736 3537 777 3585 14.
801 3530 900 3604 βάσιν]
928 3534 1039 3604 scripsi,
1073 3552 1126 3592 om.
1150 3555 1177 3605 v,
