2504 3928
177 185 240 248 160
483 186 572 236 ΠΕΡΙ
589 183 718 236 Κουον
735 183 873 236 ΤοΜΗΣ.

241 329 342 393 πάλιν
370 325 406 393 δὲ
433 329 471 393 τὸ
495 327 558 394 άπὸ
586 335 644 411 τῆς
666 333 699 392 Α
725 327 809 413 πρὸς
835 327 873 391 τὸ
896 324 960 391 άτιὸ
983 334 1042 409 τῆς
1063 330 1091 389 Β
1116 327 1185 410 μεί-

179 438 256 514 ζονά
283 436 384 518 λόγον
413 432 511 518 ἐχέτω
539 435 620 520 ἥπερ
648 435 686 499 τὸ
714 433 778 498 άτιὸ
804 441 864 517 τῆς
891 435 924 497 Γ
950 433 1033 518 πρὸς
1059 433 1096 497 τὸ
1121 431 1185 496 άπὸ

177 551 235 626 τῆς
262 547 304 607 A.
354 540 453 624 λέγω,
486 541 537 606 ὅτι
564 539 585 623 ἡ
613 548 645 605 A
672 541 755 627 πρὸς
782 541 843 624 τὴν
871 544 899 604 Β
927 543 1059 624 μείζονα
1086 541 1184 621 λόγον

177 652 242 734 ἔχει
264 651 346 735 ἥπερ
369 649 390 733 ἥ
414 651 446 712 Γ
464 649 547 734 πρὸς
568 649 630 732 τῆν
652 652 693 712 A.
1244 713 1245 718 ,

143 771 159 818 5
246 755 314 821 ἐπεὶ
338 755 355 821 ὁ
379 763 438 820 τοῦ
463 754 526 819 άπὸ
550 763 607 838 τῆς
630 761 662 818 A
688 755 772 840 πρὸς
799 753 836 818 τὸ
864 752 927 818 άπὸ
955 761 1013 837 τῆς
1036 757 1064 817 Β
1091 755 1186 834 λόγος
1244 787 1245 826 ι

178 866 296 948 μείζων
325 860 393 928 ἐστὶ
419 870 480 926 τοῦ
508 869 567 926 τοῦ
596 858 659 924 άπὸ
687 869 745 943 τῆς
768 862 801 925 Γ
821 861 904 946 πρὸς
929 861 966 924 τὸ
990 858 1055 924 άπὸ
1077 867 1133 942 τῆς
1155 864 1186 922 Δ
1244 875 1245 880 ’

182 971 298 1052 λόγου,
325 966 381 1032 καὶ
404 967 422 1033 ὁ
445 975 505 1032 τοῦ
528 970 676 1051 μείζονος
704 968 767 1053 άροι
789 967 910 1051 ἥμισυς
932 974 992 1030 τοῦ
1015 975 1076 1031 τοῦ
1099 965 1187 1031 ε’λάτ-

179 1099 277 1152 τονος
294 1073 428 1159 ἡμίσεος
446 1077 564 1158 μείζων
583 1073 680 1139 ε’στίν.
714 1077 782 1138 ἔστι
800 1069 838 1137 δὲ
856 1081 915 1138 τοῦ
934 1068 995 1156 μὲν
1009 1072 1073 1138 άπὸ
1086 1081 1144 1155 τῆς
1156 1079 1186 1135 A

179 1184 261 1269 πρὸς
293 1183 330 1246 τὸ
363 1180 427 1246 άπὸ
455 1190 512 1264 τῆς
539 1186 566 1245 Β
599 1183 700 1263 λόγου
728 1183 875 1265 μείζονος
902 1179 999 1256 ὄντος
1025 1180 1143 1263 ἥμισυς
1170 1178 1186 1242 ὁ

128 1303 160 1351 10
180 1297 237 1372 τῆς
260 1292 292 1352 Α
319 1289 402 1374 πρὸς
428 1288 490 1371 τῆν
512 1290 556 1370 Β,
583 1293 647 1353 ’τοῦ
676 1284 712 1351 δὲ
737 1286 801 1352 άτιὸ
824 1295 881 1370 τῆς
905 1289 937 1350 Γ
959 1287 1044 1372 πρὸς
1065 1287 1101 1351 τὸ
1125 1285 1185 1349 άτιὸ

179 1404 237 1478 τῆς
260 1402 293 1460 Δ
321 1394 495 1472 ἐλάττονος
517 1396 613 1471 ὄντος
634 1395 754 1480 ἥμισυς
778 1393 795 1459 ὁ
818 1403 876 1478 τῆς
900 1395 932 1457 Γ
954 1394 1038 1479 πρὸς
1060 1393 1119 1476 την
1142 1397 1185 1456 Δ·

179 1500 234 1567 κοιλ
257 1502 275 1568 ὁ
298 1511 355 1586 τῆς
378 1510 411 1567 A
438 1504 502 1588 άρα
524 1502 607 1589 τιρὸς
629 1502 691 1585 τῆν
713 1505 742 1565 Β
770 1503 868 1582 λόγος
894 1503 1013 1585 μείζων
1036 1497 1104 1565 ἐστὶ
1128 1505 1184 1563 τοῦ

179 1619 236 1693 τῆς
261 1613 293 1675 Γ
310 1611 393 1696 πρὸς
415 1611 476 1694 την
499 1614 545 1674 A·
574 1609 653 1694 ὅπερ
678 1609 744 1673 ἔδει
768 1605 880 1685 θεῖξοιι.

654 1800 714 1868 ιθ’.

130 1943 162 1990 15
245 1928 322 1994 Ἐάν
349 1930 411 1994 δύο
438 1927 562 2014 μεγέθη
593 1934 647 1993 ίσα
675 1927 839 2012 ἀνομοίως
862 1928 1032 2013 διαιρεθῇ,
1065 1918 1184 1991 τῶνδὲ

181 2045 241 2101 τοῦ
265 2034 377 2122 ἑτέρου
401 2035 577 2120 τμημάτων
599 2036 637 2100 τὸ
661 2038 771 2119 μεῖζον
799 2035 881 2120 πρὸς
903 2035 940 2099 τὸ
964 2035 1100 2098 ἔλαττον
1122 2031 1182 2116 μεί-

182 2147 259 2222 ζονά
287 2145 387 2224 λόγον
415 2146 471 2227 ἔχη
497 2143 580 2228 ἥπερ
608 2149 668 2207 τοῦ
697 2147 815 2206 λοιποῦ
843 2142 879 2206 τὸ
907 2143 1017 2225 μεῖζον
1044 2140 1126 2226 πρὸς
1151 2135 1183 2200 τὸ
1244 2187 1245 2190 ¹

182 2253 316 2314 έλοιττον
348 2247 368 2332 ἥ
396 2250 433 2313 τὸ
457 2254 531 2313 ίσον
558 2249 640 2335 πρὸς
663 2250 700 2313 τὸ
729 2253 818 2332 ίσον,
849 2257 916 2312 τῶν
943 2244 1183 2333 προειρημένων

181 2355 357 2441 τμημάτων
380 2356 416 2420 τὸ
435 2351 496 2440 μὲν
514 2358 623 2439 μεῖζον
646 2353 802 2439 μέγιστον
825 2356 914 2418 έστοιι
936 2363 1005 2418 τῶν
1023 2353 1184 2438 τεσσάρων
1242 2345 1245 2394 ¹

129 2475 164 2523 νο
182 2462 373 2548 τμημάτων,
395 2463 432 2527 τὸ
457 2458 494 2526 δὲ
517 2465 653 2527 ἔλαττον
676 2460 848 2544 ἐλάχιστον
870 2471 937 2524 τῶν
959 2460 1135 2546 τεσσάρων.

249 2572 331 2635 έστω
355 2570 417 2634 δύο
441 2567 565 2654 μεγέθη
595 2574 649 2633 ίσα
672 2568 712 2632 τὰ
735 2571 816 2650 ΑΒ,
836 2569 910 2650 ΓΛ,
937 2564 993 2631 κοιλ
1018 2566 1181 2653 διῃρήσθω

183 2677 220 2739 τὸ
243 2671 303 2758 μὲν
326 2678 391 2738 ΑΒ
421 2683 467 2761 τῷ
490 2678 534 2757 Ε,
561 2675 598 2738 τὸ
622 2670 659 2738 δὲ
683 2676 743 2738 ΓΛ
766 2681 811 2760 τῷ
837 2677 878 2756 Ζ,
907 2674 988 2737 έστω
1012 2668 1049 2737 δὲ
1071 2673 1107 2736 τὸ
1129 2665 1182 2754 μὲν
1242 2653 1245 2784 ἥ

182 2785 251 2844 AE
271 2788 331 2844 τοῦ
354 2784 418 2844 ΕΒ
442 2783 567 2864 μεῖζον,
594 2780 631 2845 τὸ
655 2776 691 2844 δὲ
716 2783 777 2844 ΓΖ
803 2787 863 2844 τοῦ
889 2783 952 2843 ΖΛ
979 2780 1023 2864 μῆ
1048 2782 1181 2855 έλοιττον,

183 2887 266 2951 ὥστε
283 2887 321 2951 τὸ
335 2891 404 2951 ΑΕ
420 2887 502 2972 πρὸς
518 2891 580 2951 ΕΒ
600 2890 731 2971 μείζονα
749 2889 850 2968 λόγον
869 2889 955 2970 ἔχειν
972 2886 1055 2972 ἥπερ
1073 2887 1109 2950 τὸ
1128 2882 1181 2948 ΓΖ
1242 2861 1245 2968 Ι

131 3005 165 3053 25
183 2994 266 3079 πρὸς
287 2993 325 3058 τὸ
347 2998 420 3057 ΖΔ.
458 2991 552 3077 λέγω,
576 2994 626 3058 ὅτι
647 3003 714 3059 τῶν
732 2997 808 3077 ΑΒ,
826 2996 900 3077 ΕΒ,
920 2995 991 3077 ΓΖ,
1013 2997 1078 3057 ΖΛ
1100 3009 1179 3076 μεγε-

183 3108 257 3166 θῶν
279 3098 434 3185 μέγιστον
461 3098 521 3184 μέν
545 3099 613 3165 ἐστι
636 3101 673 3166 τὸ
696 3104 777 3184 ΑΕ,
805 3098 977 3184 ἐλάχιστον
999 3096 1036 3164 δὲ
1058 3100 1094 3166 τὸ
1116 3096 1178 3162 ΒΕ.
1242 3087 1245 3156 λ

250 3205 319 3272 ἐπεὶ
342 3207 379 3272 τὸ
402 3210 472 3271 AE
492 3208 575 3293 πρὸς
597 3210 659 3270 ΕΒ
683 3210 815 3292 μείζονά
838 3209 939 3289 λόγον
962 3209 1027 3290 ἔχει
1049 3207 1128 3289 ἥπερ
1148 3198 1178 3264 τὸ

185 3316 247 3378 ΓΖ
273 3315 355 3399 πρὸς
385 3318 465 3396 ΖΛ,
498 3310 553 3377 καὶ
580 3312 740 3378 συνθέντι
772 3315 836 3399 άροι
862 3314 900 3378 τὸ
927 3318 993 3378 ΑΒ
1020 3314 1102 3399 πρὸς
1125 3307 1180 3373 ΒΕ
1242 3275 1245 3350 ἥ

256 3473 280 3522 5.
301 3468 377 3539 ἐπεί]
397 3467 457 3522 ἐπεὶ
476 3465 529 3537 γάρ
547 3486 573 3536 p.
648 3475 671 3525 6,
690 3478 740 3525 τοῦ
758 3471 820 3542 τοῦ]
841 3467 948 3539 scripsi,
966 3478 1015 3524 τοῦ
1034 3470 1109 3538 ch.
1157 3465 1176 3513 8·

186 3535 270 3607 ἐστίν]
291 3536 346 3591 ἐστί
364 3556 390 3606 p.
445 3546 495 3592 τοῦ
514 3536 576 3610 μέν]
597 3539 695 3593 debuit
712 3540 769 3594 diei
787 3549 836 3596 τοῦ
855 3538 906 3609 μὲν
924 3549 991 3595 τοῦ.
1064 3547 1103 3595 13.
1122 3536 1176 3596 ὅπερ
