2592 3932
436 156 486 206 nn
505 154 682 206 sncrronn
701 155 795 206 coru.
1057 151 1124 214 257

100 305 221 366 autem
249 300 405 365 alterutra
429 302 591 363 rectarum
615 301 694 382 BA,
717 300 785 361 ΒΓ
803 297 941 372 circulus
965 296 1124 362 describa-

101 414 165 472 tur
184 409 328 490 ΑΕΖΓ,
351 405 634 490 producanturque
653 408 768 490 ABE,
789 409 860 468 ΑΔ
867 408 906 487 Ζ,
928 405 1042 489 Ano,
1064 404 1125 468 ita-

580 532 641 594 que
692 514 825 594 propter
869 510 1127 595 propositionem

450 634 480 681 Ε
579 617 824 701 praecedentem
844 617 948 702 [prop.
967 615 1042 702 LII]
1065 619 1127 683 erit

529 809 533 816 Ι
611 729 675 789 ΕΒ
695 727 828 808 εΒΓ,
862 728 929 788 ΖΑ
948 753 989 774 ==
1008 726 1090 807 ΔΓ,

582 834 655 895 ΘΗ
666 861 707 884 =
722 834 798 896 ΗΓ.
850 829 1002 914 quoniam
1024 829 1127 916 igitur

510 946 532 999 θ
581 941 654 1001 ΑΕ
698 937 873 1002 diametrus
918 940 969 1001 est
1015 937 1128 1002 circuli

582 1048 695 1127 AEZ,
727 1043 867 1108 maxima
898 1047 1060 1108 rectarum
1091 1045 1128 1107 in

579 1149 702 1214 circulo
729 1151 898 1215 ductarum
927 1155 976 1215 est
1000 1155 1068 1214 ΑΕ
1094 1154 1127 1214 et

582 1367 690 1427 autem
714 1368 778 1427 AB
795 1367 834 1444 -Ι-
850 1367 919 1428 ΒΓ
928 1395 971 1417 =
985 1370 1065 1450 ΑΕ,

675 1474 1034 1556 ΑΛψΑΓεΑΕ

108 1583 192 1645 ΑΗ
204 1584 241 1658 -t-
258 1581 333 1642 ΗΓ
343 1608 383 1630 =
399 1582 432 1640 Α
439 1582 480 1662 Θ,
512 1597 590 1662 ergo
618 1576 734 1640 harum
758 1598 885 1660 quoque
909 1576 1051 1641 maxima
1078 1582 1128 1642 est

109 1689 180 1752 AB
196 1687 235 1768 ‹t-
252 1687 329 1770 ΒΓ,
359 1688 391 1748 et
418 1689 488 1748 ΑΔ
504 1687 543 1764 *t-
560 1685 675 1756 ΑΓ>
690 1685 817 1764 ΑΗ-Ι-
833 1685 910 1747 ΗΓ.
958 1687 990 1746 et
1013 1683 1127 1749 eodem

109 1794 211 1858 modo
239 1813 366 1874 semper
392 1789 526 1874 propior
554 1789 597 1872 ei,
628 1811 710 1872 quae
738 1790 779 1854 ad
805 1792 962 1874 punctum
985 1789 1128 1855 medium

109 1904 179 1983 est,
201 1897 376 1963 remotiore
399 1896 503 1961 maior
526 1899 590 1975 est3
614 1897 701 1979 quod
724 1901 794 1961 erat
816 1895 1029 1981 propositum.

490 2091 619 2156 Aliter
641 2091 750 2156 idem.

183 2217 234 2284 Sit
258 2217 396 2282 circulus
420 2219 528 2301 ΑΒΓ,
552 2220 584 2279 et
602 2214 637 2279 in
656 2221 824 2301 segmento
842 2219 947 2280 ΑΒΓ
959 2216 1130 2302 frangatur

113 2329 205 2390 recta
232 2327 338 2389 ΑΒΓ
355 2323 418 2407 ita,
445 2327 482 2387 ut
511 2345 604 2388 arcus
628 2328 660 2386 A
666 2326 733 2387 ΒΓ
750 2323 785 2386 in
808 2327 836 2386 B
860 2323 896 2386 in
917 2323 996 2386 duas
1019 2326 1127 2407 partes

114 2431 266 2517 aequales
296 2435 430 2496 secetur.
476 2429 563 2514 dico,
586 2433 709 2493 rectam
732 2433 797 2494 AB
814 2432 853 2509 -Ι-
870 2432 938 2493 ΒΓ
955 2427 1129 2493 maximam

113 2561 185 2604 esse
219 2538 377 2621 omnium,
409 2558 490 2620 quae
523 2537 558 2600 in
586 2536 698 2600 eodem
727 2539 894 2622 segmento
925 2535 1129 2622 frangantur,

114 2649 286 2710 rectarum.

183 2751 353 2836 frangatur
386 2750 471 2815 enim
503 2752 620 2835 ΑΔΓ,
656 2750 915 2834 producaturque
948 2754 1064 2833 ΑΔΕ,
1096 2753 1130 2814 et

115 2862 256 2944 ponatur
274 2862 307 2922 A
312 2862 344 2922 E
356 2887 398 2909 =
413 2863 447 2921 Α
453 2859 490 2941 Γ,
512 2857 734 2940 ducanturque
757 2861 838 2940 BA,
858 2861 928 2921 ΒΕ.
975 2857 1129 2941 quoniam

115 2964 219 3051 igliur
260 2987 353 3029 arcus
395 2967 461 3030 AB
503 2963 590 3028 arcui
632 2967 700 3028 ΒΓ
737 2963 879 3047 aequalis
922 2968 985 3046 est,
1027 2968 1059 3027 et
1095 2963 1131 3027 in

117 3076 184 3136 AB
211 3075 355 3148 [ΒΔΑ
386 3070 549 3155 consistit,
585 3070 620 3134 in
650 3073 718 3134 ΒΓ
739 3073 851 3134 'autem
881 3072 1035 3152 ABAP,
1068 3069 1130 3133 erit

116 3177 223 3263 [Euel.
242 3177 302 3262 ΙΠ,
321 3177 379 3262 27]
403 3160 541 3254 [ΒΔΑ
558 3207 598 3228 --
615 3181 643 3241 B
649 3182 682 3240 A
687 3178 722 3241 Γ.
760 3175 939 3240 eommunis
959 3173 1131 3238 adiicietur

117 3445 198 3512 perte
218 3442 334 3497 euanV
349 3441 417 3510 (legi
435 3443 553 3510 possunt
571 3439 624 3510 γὰρ
643 3441 661 3510 ἡ
682 3483 758 3496 .....
779 3438 906 3511 εβλήσθω
924 3438 942 3508 ἡ
963 3482 1040 3494 .....
1060 3441 1130 3508 σθω,

118 3513 171 3567 hoc
192 3513 245 3567 del.
265 3531 300 3567 m.
320 3515 394 3582 rec),
413 3528 470 3581 rep.
490 3529 545 3581 mg.
565 3530 601 3567 m.
620 3529 674 3568 ree.

172 3611 295 3652 Serenus
310 3611 516 3663 nursinensis,
530 3611 564 3652 ed.
579 3612 687 3664 Heiberg.
938 3605 969 3655 17
