2504 3928
158 152 225 217 200
473 157 561 208 ΠΕΡΙ
579 155 708 207 ΚΩΝΟΤ
726 156 862 208 ΤΟΜΗΣ.

634 333 698 399 λύ’.

224 456 300 522 Ἐὰν
324 457 360 523 ἐν
382 459 478 546 κώνῳ
503 463 655 546 σκαληνῳ
681 457 842 544 τμηθέντι
865 460 922 524 διὰ
944 468 1002 544 τῆς
1028 466 1183 544 κορυφῆς

160 563 326 641 ἐπιπέδοις
348 563 436 630 τισὶν
460 562 513 630 ἐπὶ
536 569 756 651 παραλλήλων
779 566 910 649 βᾶσεων
933 569 1093 649 ίσοσκελῆ
1118 567 1185 648 τρί-

160 696 252 754 γωνα
279 680 398 756 συστῇ,
427 669 480 755 ἐφ’
510 669 528 736 ὃ
556 670 655 755 μέρος
682 666 859 756 προσνεύειΙ
881 672 898 738 ὁ
922 671 1026 757 ἄξων,
1051 683 1124 737 τῶν
1148 666 1183 733 δὲ

125 760 348 862 Ιογενομένων
379 779 559 843 ἰσοσκελῶν
591 779 629 842 ἓν
657 777 772 843 ὁτιοῦν
802 785 876 844 ἴσον
905 774 926 866 ᾖ
955 789 1002 868 τῳ
1032 780 1095 843 διὰ
1125 784 1185 842 τοῦ

161 885 278 962 ἄξονος
307 885 481 968 ἰσοσκελεϊ,
508 883 528 967 ἡ
557 883 621 950 ἀπὸ
649 893 707 969 τῆς
733 894 883 972 κορυφῆς
911 884 972 951 ἐπὶ·
992 888 1055 971 τὴν
1080 884 1183 970 βᾶσιν

161 999 221 1055 τοῦ
244 992 410 1076 τριγώνου
433 991 574 1067 κᾶύετος
596 994 714 1074 μειξων
737 994 828 1056 ἔσται
851 1001 911 1057 τοῦ
935 991 1063 1071 ἄξονος.

228 1100 311 1162 ἔστω
339 1099 502 1180 σκαληνὸς
528 1109 648 1182 κῶνος,
674 1093 715 1162 οὗ
737 1099 869 1184 κορυφὴ
892 1101 930 1164 τὸ
953 1106 1001 1183 Α,
1029 1097 1122 1178 ἄξων
1146 1093 1182 1161 δὲ

162 1202 180 1268 ὁ
204 1207 271 1268 ΑΒ
293 1205 489 1289 προσνεύων
512 1201 566 1268 ἐπὶ
588 1204 628 1268 τᾶ
646 1212 707 1268 τοῦ
725 1210 759 1269 Δ
776 1203 868 1290 μέρη,
892 1206 989 1289 βάσις
1009 1203 1046 1271 δὲ
1064 1206 1083 1272 ὁ
1104 1200 1182 1285 περὶ

110 1321 143 1370 10
163 1311 200 1375 τὸ
224 1315 252 1374 Β
280 1309 419 1393 κέντρον
445 1311 580 1394 κύκλος,
606 1319 667 1374 τοῦ
695 1306 732 1374 δὲ
758 1312 841 1397 πρὸς
867 1311 974 1398 ὀρθὰς
996 1322 1042 1400 τῳ
1065 1313 1179 1396 κύκλῳ

163 1417 219 1481 διὰ
248 1425 308 1481 τοῦ
338 1415 456 1494 ἄξονος
484 1417 651 1503 τριγώνου
681 1416 777 1499 βᾶσις
808 1420 891 1482 ἔστω
920 1417 940 1501 ἡ
972 1422 1085 1503 ΓΒΔ,
1122 1415 1179 1482 καὶ

161 1525 322 1607 ἤχθωσαν
349 1531 388 1608 τῇ
417 1525 482 1587 ΓΔ
509 1524 592 1608 πρὸς
621 1522 727 1609 ὀρθὰς
757 1522 793 1588 ἐν
822 1533 868 1611 τῷ
898 1525 1009 1612 κύκλῳ
1039 1527 1076 1590 αλ
1100 1528 1176 1606 ΒΖ,

163 1634 246 1712 ΕΗ,
269 1627 325 1694 καὶ
348 1628 531 1713 ἐπεζεύχθω
550 1627 571 1711 ἡ
590 1634 672 1712 ΑΕ,
695 1626 750 1693 καὶ
767 1629 958 1696 ὑποκείσθω
978 1633 1015 1696 τὸ
1034 1632 1089 1696 διὰ
1106 1642 1175 1695 τῶν

162 1740 244 1820 ΑΕ,
268 1740 342 1800 ΒΗ
362 1732 526 1812 ἰσοσκελὲς
554 1741 628 1800 ἶσον
651 1730 804 1824 εἶναιτῷ
828 1737 884 1801 διὰ
907 1748 975 1802 τῶν
997 1741 1076 1821 ΑΒ,
1098 1741 1173 1818 ΒΖ,

111 1853 143 1902 15
163 1843 181 1906 ὅ
205 1842 342 1930 ἐστιτῷ
366 1843 422 1907 διὰ
445 1850 505 1907 τοῦ
528 1840 645 1920 ἄξονος
669 1844 837 1908 ἰσοσκελελ.
874 1841 968 1928 λέγω,
992 1844 1042 1910 ὅτι
1064 1844 1085 1927 ἡ
1107 1848 1175 1910 ΑΒ

163 1952 281 2034 μείζων
305 1947 373 2014 ἐστὶ
396 1959 454 2031 τῆς
476 1953 550 2014 ΑΒ.

231 2053 300 2120 ἐπεὶ
323 2056 385 2140 γὰρ
409 2057 446 2120 τὸ
470 2057 526 2120 διὰ
548 2067 617 2120 τῶν
634 2060 715 2139 ΑΕ,
732 2060 807 2130 ΕΗ
827 2054 991 2134 ἰσοσκελὲς
1016 2063 1087 2123 ἴσον
1104 2055 1172 2122 ἐστὶ

163 2170 209 2251 τῳ
233 2162 290 2226 ὃιᾶ
313 2172 380 2226 τῶν
403 2165 479 2244 ΑΒ,
500 2166 574 2245 ΒΖ,
596 2160 652 2226 καὶ
674 2163 711 2226 τὸ
734 2162 799 2227 ὑπὸ
822 2173 890 2228 τών
912 2170 989 2248 ΑΕ,
1008 2169 1082 2230 ΕΗ
1100 2171 1170 2230 ι’σον

164 2266 233 2335 ἐστὶ
256 2277 301 2356 τῳ
322 2267 389 2332 ὑπὸ
412 2279 480 2332 τῶν
501 2273 582 2352 ΑΒ,
605 2272 684 2352 ΒΖ,
708 2269 752 2345 ὡς
775 2270 838 2354 ἄρα
861 2270 881 2354 ἡ
905 2275 969 2335 ΒΖ
991 2273 1074 2356 πρὸς
1094 2273 1167 2352 ΕΗ,

111 2388 145 2436 20
165 2376 270 2452 ούτως
296 2374 317 2457 ἡ
344 2380 412 2440 ΕΑ
438 2376 522 2460 πρὸς
549 2379 624 2440 ΑΒ.
670 2378 788 2458 μείζων
815 2373 852 2442 δὲ
878 2376 899 2460 ἡ
923 2381 989 2442 ΒΖ
1011 2388 1069 2462 τῆς
1091 2382 1166 2443 ΗΒ·

164 2485 283 2566 μείζων
306 2484 369 2568 ἄρα
392 2479 448 2546 καλ
470 2479 490 2563 ἡ
514 2487 580 2547 ΕΑ
603 2491 661 2566 τῆς
683 2487 757 2547 AB.

641 2674 698 2742 λε’.

230 2796 305 2862 Ἐὰν
333 2799 369 2864 ἐν
391 2799 487 2886 κώνῳ
511 2804 663 2888 σκαληνςό
686 2800 844 2885 τμηθέντι
868 2804 924 2868 διὰ
947 2813 1005 2888 τῆς
1027 2814 1168 2891 κορυφῆς

166 2903 332 2981 ἐπιπέδοις
354 2903 442 2971 τισὶν
466 2903 519 2970 ἐπὶ
541 2910 764 2991 παραλλήλων
786 2909 915 2992 βᾶσεων
937 2913 1089 2998 ἰσοσκελῆ
1106 2916 1167 2998 τρί-

239 3141 262 3188 1.
282 3134 340 3206 λύ’]
360 3151 413 3190 om.
428 3135 486 3203 Vc,
505 3134 584 3206 λύ’ς)
603 3138 632 3189 et
649 3155 685 3191 m.
700 3153 754 3192 rec.
769 3137 802 3191 V.
863 3144 887 3192 2.
907 3135 970 3210 ἐών]
989 3155 1064 3208 vop,
1085 3139 1166 3210 suppl.
1241 3153 1242 3174 ¹

165 3224 201 3260 m.
221 3221 275 3260 rec.
295 3205 328 3261 V.
419 3205 462 3278 ἐν]
482 3222 535 3260 om.
554 3205 637 3276 ch,
666 3223 733 3262 corr.
753 3208 863 3278 Halley.
954 3215 977 3264 9.
1001 3212 1167 3282 προσνεύων]

166 3289 328 3362 προσνεύων
344 3311 372 3364 p.
459 3300 500 3350 11.
521 3294 638 3366 ἄξονος]
657 3312 731 3366 vop,
755 3316 800 3359 -ος
819 3313 899 3352 euan.
919 3298 951 3354 V.
1027 3302 1123 3372 ΓΒΔ]
1143 3318 1166 3369 ρ,

167 3365 388 3433 ΒΓΔᾘλΔο.
440 3372 481 3420 12.
496 3371 533 3438 τῷ
560 3382 640 3420 enan.
656 3383 678 3421 0.
730 3373 842 3423 13.τῶν
870 3377 955 3459 τοῦῳ.
1006 3370 1165 3440 κώμαζον]

165 3451 240 3502 vop,
260 3437 275 3498 ζ
292 3435 382 3505 suppl.
401 3454 437 3490 m.
457 3453 510 3491 rec.
523 3368 555 3490 ἄ,
620 3443 662 3491 22.
681 3437 735 3509 λε’]
755 3454 807 3494 om.
819 3370 873 3509 V]0,
891 3443 923 3510 λγ
950 3443 1012 3508 pet
1025 3460 1061 3496 m.
1076 3458 1127 3496 rec.
1137 3442 1164 3496 V.

202 3508 244 3557 23.
264 3503 307 3576 ἐν]
326 3523 353 3573 p,
373 3522 425 3560 om.
440 3507 485 3560 Vc
