2574 3934
365 201 415 250 uu
434 199 610 251 saumana
630 200 810 253 smmum.
1050 199 1092 262 27
1224 259 1228 268 ,

81 348 114 407 K
134 344 265 428 quidem
287 343 323 408 in
345 343 450 427 plane
463 346 568 407 ΖΕΗ
572 347 600 407 Θ
623 348 681 407 est.
723 344 876 428 quoniam
899 349 1008 409 autem
1029 347 1093 409 ΓΔ

80 452 114 516 in
134 450 233 536 plano
255 454 393 514 ΖΕΗΘ
415 453 466 514 esl
488 454 521 513 et
543 449 579 512 in
600 472 637 513 ea
655 449 800 533 positum
819 452 860 533 K,
883 455 1041 534 punctum
1061 455 1096 515 K
1211 501 1217 512 .

79 557 114 622 in
142 558 242 642 plano
273 560 410 621 ΖΕΗΘ
441 556 586 640 positum
616 561 673 620 esl.
723 556 833 641 itaque
861 559 896 620 K
907 562 954 621 el
981 563 1031 622 est
1057 559 1093 622 in

79 665 177 748 plano
201 669 234 729 el
256 686 323 729 non
346 669 409 750 θεὴ
432 665 519 747 quod
540 663 612 728 fieri
633 685 700 727 non
717 667 834 748 polest.
876 684 954 749 ergo
975 666 1040 728 ΓΔ
1057 666 1093 728 in

82 772 249 855 superficie
271 793 339 835 non
362 775 419 834 esl.

143 877 212 942 iam
240 899 318 942 uero
347 882 437 941 extra
465 900 536 942 eam
564 877 622 962 sil,
650 881 683 941 el
711 881 841 961 sumpto
865 877 900 940 in
924 900 1001 944 areu
1023 881 1096 942 ΕΗ

80 989 201 1066 puncto
226 985 337 1068 aliquo
362 988 392 1048 Λ
416 985 552 1050 duealur
575 986 652 1048 KA.
699 986 767 1047 ΚΛ
788 984 891 1069 igitur
914 983 949 1047 in
971 989 1092 1049 utram-

80 1111 139 1172 que
176 1096 305 1176 partem
341 1091 498 1175 producta
533 1095 683 1155 neutram
703 1095 877 1156 ,rectarum
909 1094 994 1173 ΕΗ,
1028 1096 1091 1156 ΖΘ

81 1199 215 1284 secabit3
252 1219 351 1282 quare
384 1200 452 1261 ΚΛ
483 1197 518 1260 in
549 1197 647 1284 planu
682 1200 789 1260 ZEH
793 1201 821 1262 Θ
852 1219 919 1262 non
951 1198 1025 1282 erit3
1058 1203 1091 1262 et

81 1305 205 1390 reliqua
227 1303 400 1369 manifesta
424 1308 507 1368 sunt.

559 1496 613 1563 IX.

148 1621 183 1688 si
207 1624 371 1708 cylindrus
394 1625 492 1708 plano
516 1629 643 1688 secatur
660 1644 764 1706 neque
783 1622 915 1687 basibus
934 1623 1090 1706 parallelo

85 1749 184 1813 neque
212 1731 375 1796 contrario
402 1753 505 1814 neque
533 1752 591 1814 per
619 1751 711 1794 axem
733 1729 842 1813 posito
865 1750 975 1812 neque
991 1729 1089 1813 plano

84 1856 138 1917 per
166 1860 258 1902 axem
285 1837 394 1921 pesilo
417 1836 584 1921 paralle10,
614 1824 715 1901 seculo
738 1857 841 1919 neque
865 1835 1003 1901 circulus
1028 1836 1090 1900 erit

87 1961 184 2026 neque
206 1945 312 2030 figura
333 1943 509 2008 rectilinea.

153 3327 194 3392 sil
220 3327 397 3413 cylindrus,
429 3326 520 3392 euius
548 3327 640 3391 bases
667 3325 734 3389 sint
762 3332 808 3410 A,
839 3331 868 3392 B
896 3325 1021 3408 eireuli,
1056 3328 1089 3388 el

29 3479 33 3490 .
95 3424 180 3506 plano
203 3437 330 3500 secetur
351 3454 455 3516 neque
478 3431 611 3497 basibus
629 3430 784 3515 parallelo
802 3452 906 3513 neque
925 3429 1088 3494 contrario

97 3550 186 3620 neque
214 3563 271 3625 per
299 3562 392 3604 axem
414 3559 518 3622 neque
542 3537 595 3604 axi
616 3523 770 3621 parallelo
793 3535 909 3621 posito.
955 3535 1088 3618 planum
